4318 6406
789 486 928 546 1507
1433 488 1696 557 EUSEBII
1732 490 2203 548 CESARIENSIS
2230 492 2377 550 OPP.
2406 494 2491 548 PA

2269 492 2377 549 ιιιι).
2406 492 2585 549 PARS
2620 493 2708 550 ιιι.
2736 522 2807 537 -
2841 491 3245 549 EXEGETICA.
3849 460 3974 547 isse

786 602 1057 660 Pharaoni
1119 607 1459 677 explicasset,
1516 612 1621 679 nisi
1669 610 1780 667 Deo
1809 614 1971 670 dante
2011 615 2127 684 ipsa
2178 616 2336 670 intel—
2362 632 2407 686 Α
2433 619 2491 669 δι

2269 617 2336 670 el-
2362 632 2407 686 Α
2433 617 2529 669 διὰ
2562 615 2666 668 τοῦ
2698 615 2843 669 Θεοῦ
2876 615 2913 683 ἡ
2943 612 3306 682 διασάφησις
3332 609 3527 666 αὐτῶν
3547 611 3747 673 ἐστιν;
3771 611 3882 665 Οὐκ
3912 611 3974 665 ἄεν

790 695 1029 753 lexisset.
1057 695 1199 751 Misit
1227 716 1338 764 rex,
1367 709 1416 754 et
1434 702 1587 755 solvit
1626 719 1762 767 eum,
1796 706 2031 773 princeps
2061 706 2259 773 populi,
2286 701 2335 760 et
2434 707 2495 776 γὰ

2286 701 2335 760 et
2434 707 2541 778 γὰρ
2590 706 2741 759 ἔλυσε
2786 706 2910 769 τοὺς
2952 706 3197 779 ὀνείρους
3233 703 3310 775 τῷ
3337 702 3552 775 Φαραὼ,
3598 702 3670 772 μὴ
3716 697 3805 754 τοῦ
3845 702 3970 755 Θεοί

792 787 993 841 dimisit
1019 790 1465 857 eum.£0nstituit
1507 810 1623 848 eum
1669 795 1935 850 dominum
1965 796 2149 851 domus
2204 813 2334 863 sua,
2435 816 2497 851 πο

2272 813 2334 863 ιε,
2435 796 2912 869 παρασχόντοςὲτδ
2968 796 3221 851 δύνασθαι
3276 795 3510 849 συνιέναι
3558 791 3767 855 αὐτούς.
3822 792 3977 846 Ἀπέ-

792 888 842 932 et
892 881 1171 950 principem
1199 885 1364 936 omnis
1416 887 1753 951 possessionis
1794 904 1923 954 suae,
1998 898 2057 940 ut
2109 888 2338 943 erudiret
2436 904 2497 943 σι

2274 897 2338 943 ποί
2436 892 2635 943 Uteth
2674 887 2967 953 ,ϐασιλεὺς
3000 887 3094 939 καὶ
3122 886 3345 940 ἔλυσεν
3376 882 3578 946 αὑτὸν,
3603 882 3799 951 ἅρχων
3830 882 3979 936 λαοῦ

793 972 1050 1041 principes
1080 974 1214 1042 ejus,
1274 976 1405 1028 sicut
1450 972 1799 1046 semetipsum,
1840 989 1890 1033 et
1927 996 2072 1034 senes
2116 979 2227 1048 ejus
2259 997 2342 1033 sa-
2437 996 2498 1032 κο

2275 997 2342 1033 ια·
2437 979 2532 1032 καὶ
2558 978 2789 1047 ἀφῆκεν
2808 979 3010 1032 αὐτόν.
3041 975 3419 1044 Κατέστησεν
3444 973 3629 1030 αὑτὸν
3653 973 3857 1040 κύριον
3875 971 3980 1027 τοῦ

794 1063 1041 1131 pientiam
1072 1064 1443 1120 doceret.Cum
1466 1081 1496 1121 a
1527 1070 1915 1124 tentationibus
1939 1085 2038 1125 ceu
2064 1071 2183 1141 igne
2208 1072 2339 1126 satis
2438 1070 2499 1123 ot

2275 1072 2339 1126 tis
2438 1070 2607 1123 οἴκου
2655 1067 2861 1131 αὐτοῦ,
2900 1066 3001 1137 χαί
3036 1065 3295 1135 ἄρχοντα
3337 1064 3536 1131 πάσης
3570 1062 3681 1131 τῆς
3719 1060 3980 1126 κτήσεως

795 1155 1052 1223 probatus
1082 1153 1271 1211 luisset
1297 1154 1492 1227 Joseph
1512 1198 1529 1223 ,
1560 1166 1691 1224 tunc
1718 1158 1826 1214 Deo
1864 1171 2179 1231 suggerente
2203 1161 2342 1216 Pha-
2439 1163 2500 1215 at

2283 1177 2342 1216 a-
2439 1160 2643 1223 αὑτοῦ,
2686 1159 2794 1213 τοῦ
2838 1158 3153 1212 παιδεῦσαι
3197 1155 3337 1221 τοὺς
3368 1156 3660 1224 ἄρχοντας
3688 1152 3982 1217 αὑτοῦ,ὠς

795 1246 972 1308 raoni,
1002 1244 1095 1313 qui
1130 1253 1182 1300 et
1230 1262 1323 1301 rex
1351 1255 1405 1302 et
1461 1249 1709 1320 princeps
1750 1252 1839 1305 hic
1866 1261 2108 1316 vocatur,
2143 1246 2181 1306 a'
2220 1253 2341 1306 vin-
2439 1251 2500 1304 ἑο

2276 1269 2341 1306 n-
2439 1251 2671 1315 ἑαυτὸν,
2708 1250 2805 1303 καὶ
2841 1251 2981 1315 τοὺς
3024 1247 3457 1317 πρεσϐυτέρους
3496 1245 3677 1299 αὑτοῦ
3714 1244 3979 1315 σοφίσαι.

796 1334 937 1389 culis
985 1335 1232 1399 solvitur,
1286 1345 1447 1406 atque
1481 1338 1673 1395 domus
1715 1342 1859 1411 regis
1901 1350 1953 1395 et
1985 1344 2161 1397 omnis
2217 1358 2343 1412 pos-
2440 1342 2501 1396 ’Ὀ

2277 1360 2343 1398 ιε·
2440 1342 2567 1396 Ὅτε
2600 1341 2881 1411 αὐτάρκως
2915 1338 3167 1408 ἐπωρώθη
3202 1335 3305 1389 ὑπὸ
3332 1334 3439 1389 τῶν
3469 1334 3785 1406 πειρασμῶν
3811 1335 3839 1387 6
3872 1334 3982 1386 Ἰω-

797 1425 1065 1481 sessionis
1107 1426 1224 1495 ejus
1267 1429 1517 1498 princeps
1555 1432 1919 1486 constituitur.
1970 1432 2170 1487 Extulit
2198 1436 2342 1487 enim
2442 1432 2502 1503 σὴ

2276 1436 2342 1487 im
2442 1432 2568 1503 σὴφ,
2590 1432 2708 1484 τότε
2732 1430 2863 1483 Θεοῦ
2894 1428 3248 1492 ὑποϐαλόντος
3278 1426 3354 1497 τῷ
3387 1426 3601 1499 Φαραὼ,
3630 1426 3687 1481 όν
3711 1426 3803 1481 καὶ
3833 1424 3981 1495 βασι-

796 1528 944 1576 eum,
976 1522 1034 1567 ut
1067 1518 1370 1585 complures
1410 1517 1660 1583 dixerint,
1695 1527 1753 1573 ut
1811 1520 2015 1575 fructus
2057 1522 2120 1575 ad
2176 1521 2347 1575 abun-
2440 1522 2498 1575 λέ

2275 1538 2347 1575 ιιι-
2440 1522 2537 1576 λέα
2574 1522 2665 1575 καὶ
2698 1521 2932 1592 ἄρχοντα
2966 1519 3059 1573 νῦν
3088 1522 3116 1573 6
3153 1518 3308 1586 λόγος
3336 1517 3505 1581 καλεῖ,
3544 1517 3724 1570 λύεται
3773 1515 3879 1570 τῶν
3904 1515 3980 1568 δε-

799 1603 1038 1657 dantiam
1065 1605 1362 1675 colligeret,
1401 1613 1454 1661 et
1483 1608 1550 1664 ad
1587 1616 1798 1677 tempus
1839 1607 1998 1664 laniis
2034 1624 2130 1664 eos
2158 1620 2344 1665 custo-
2444 1628 2504 1681 σμ

2275 1625 2344 1665 .o-
2444 1611 2614 1681 σμῶν,
2654 1612 2749 1664 καὶ
2780 1611 2959 1681 ἄρχων
2987 1607 3080 1663 τοῦ
3128 1610 3275 1662 οτκου
3307 1606 3397 1660 τοῦ
3450 1607 3708 1678 βασιλέως
3752 1608 3844 1661 καὶ
3879 1604 3980 1659 πάι

801 1692 959 1747 diret.
996 1692 1095 1748 Hic
1119 1704 1295 1749 autem
1325 1706 1512 1753 .sermo
1544 1697 1717 1761 docet,
1749 1714 1857 1752 non
1900 1706 2008 1751 tam
2041 1700 2110 1753 οι)
2133 1699 2345 1769 frugum
2445 1717 2506 1770 ση

2284 1716 2345 1754 Im
2445 1717 2544 1770 σης
2577 1700 2674 1770 τῆς
2704 1700 2944 1769 κτήσεως
2976 1697 3140 1751 αὑτοῦ
3186 1697 3525 1751 καθίσταται.
3561 1693 3845 1764 Ἐξήνεγκε
3882 1692 3989 1763 γὰρ

802 1782 1105 1837 custodiam
1154 1783 1222 1837 ad
1252 1784 1609 1855 principatum
1655 1794 1897 1839 evectum
1944 1786 2152 1851 luisse,‘
2184 1804 2345 1858 quam
2445 1792 2507 1844 αὑ

2284 1804 2345 1841 im
2445 1791 2622 1854 αὑτὸν,
2655 1790 2729 1854 ὡς
2763 1790 2861 1861 μὲν
2890 1791 3029 1843 sim:
3078 1790 3144 1845 ἂν
3192 1791 3223 1844 ό
3268 1789 3435 1852 πολὺς
3474 1786 3772 1858 ἄνθρωπος,
3809 1784 3896 1837 διὰ
3930 1782 3989 1835 τὸ

804 1871 873 1926 ad
905 1872 1191 1927 utilitatem
1224 1874 1415 1929 anima:
1442 1888 1627 1929 eorum
1662 1874 1753 1943 qui
1784 1889 1879 1943 per
1916 1875 2093 1946 ipsum
2120 1875 2348 1931 docendi
2449 1897 2509 1933 συ

2286 1875 2348 1930 ιάί
2449 1883 2767 1949 συναγαγεῖν
2793 1879 2862 1934 τὰ
2890 1881 3196 1951 γεννήματα
3219 1880 3319 1950 τῆς
3350 1877 3619 1949 εὐθηνίας,
3642 1878 3736 1930 καὶ
3763 1874 3991 1944 φυλάξαι

804 1968 858 2016 et
890 1960 1205 2017 instituendi
1227 1973 1398 2017 erant.
1439 1962 1603 2017 Erant
1625 1970 1801 2017 autem
1836 1963 1890 2017 hi
1918 1965 2187 2035 principes
2206 1964 2345 2020 Pha-
2378 1996 2420 2051 Β
2448 1972 2509 2024 αὑ

2289 1982 2345 2020 a-
2378 1996 2420 2051 Β
2448 1970 2584 2024 αὐτὰ
2613 1973 2691 2035 είς
2720 1971 2909 2041 καιρὸν
2932 1970 3024 2025 τοῦ
3058 1969 3236 2042 λιμοῦ.
3276 1972 3334 2025 '0
3363 1969 3420 2023 δὲ
3458 1967 3644 2040 παρὼν
3674 1967 3827 2036 λόγος
3858 1965 3991 2019 διδάα

807 2055 991 2108 raonis
1044 2062 1097 2109 et
1148 2055 1407 2111 seniores.
1462 2054 1669 2121 Quibus
1719 2055 1903 2109 utilem
1953 2056 2343 2111 institutionem
2450 2080 2512 2116 σκ

2287 2072 2343 2110 tm
2450 2080 2566 2116 σκει
2599 2054 2660 2116 οὐ
2679 2061 2926 2117 τοσοῦτον
2945 2062 3044 2132 τῆς
3073 2062 3180 2115 τῶν
3211 2060 3435 2131 καρπῶν
3462 2056 3705 2129 φυλακῆς
3727 2054 3888 2107 ἕνεκα
3915 2054 3992 2115 είς

807 2143 1034 2212 adeptis,
1096 2145 1390 2200 verisimile
1433 2153 1551 2199 erat
1610 2160 1796 2200 omnes
1844 2162 2058 2215 quoque
2083 2147 2346 2204 ~subditos
2448 2153 2512 2224 τὴ

2288 2163 2346 2204 os
2448 2153 2544 2224 τὴν
2581 2152 2753 2227 ἀρχὴν
2798 2152 3083 2224 προῆχθαι,
3130 2153 3251 2206 ὅσον
3295 2151 3393 2220 τῆς
3443 2148 3583 2204 κατὰ
3626 2146 3799 2217 ψυχὴν
3854 2144 3993 2212 ὠφε-

805 2232 1077 2301 profectus
1106 2235 1415 2302 hujusmodi
1438 2243 1719 2291 consortes
1753 2235 1961 2291 futuros
1984 2252 2124 2293 esse.
2449 2242 2506 2295 λε

2449 2242 2595 2305 λείας
2623 2241 2728 2295 τῶν
2758 2243 3051 2313 μελλόντων
3083 2243 3173 2295 ὑπ’
3209 2240 3371 2295 αὐτοῦ
3406 2237 3715 2308 σοφίζεσθαι
3746 2237 3839 2288 καὶ
3873 2250 3994 2285 παι-

805 2322 1067 2377 δεύεσθαι.
1100 2322 1275 2378 τΙτΙσαν
1306 2326 1363 2378 δὲ
1389 2318 1531 2380 οὗτοι
1572 2328 1825 2399 ἄρχοντες
1858 2326 2053 2397 Φαραὼ
2089 2329 2183 2381 καὶ
2215 2330 2567 2404 πρεσϐύτεροι
2587 2352 2600 2364 ·
2635 2327 2709 2387 ὧν
2749 2327 3151 2387 σῖιέπέ).οι.ιτιένων,
3185 2332 3328 2384 εἰκὸς
3354 2329 3420 2400 ἦν
3457 2330 3543 2380 ναὶ
3573 2331 3697 2391 sub;
3729 2325 3996 2394 ἐπηκόους

810 2419 1052 2481 ἅπαντας
1096 2420 1193 2489 τῆς
1230 2420 1360 2491 παρ’
1406 2421 1584 2473 αὐτῶν
1631 2425 1915 2491 μετασχεῖν
1959 2422 2307 2492 βελτιώσεως.

878 2536 1043 2593 Vens.
1083 2536 1172 2599 25,
1216 2535 1305 2589 24.
1348 2536 1411 2589 Et
1450 2537 1660 2590 intravit
1693 2537 1862 2592 Israel
1884 2541 1935 2591 in
1968 2537 2272 2611 ngyptum,
2296 2549 2347 2595 et
2518 2545 2583 2595 K¢

2296 2549 2347 2595 et
2518 2542 2626 2595 Kal
2669 2518 2949 2607 είσῆλόεν
2988 2536 3223 2605 Ἰσραὴλ
3267 2539 3352 2603 είς
3396 2537 3715 2605 Αἴγυπτον,
3763 2536 3860 2589 καὶ
3897 2535 3993 2591 Ἰα-

808 2630 971 2687 Jacob
1005 2627 1181 2683 accola
1206 2627 1306 2696 fuit
1344 2630 1394 2682 in
1438 2644 1573 2682 terra
1617 2626 1800 2681 Citam.
1832 2627 1898 2680 Et
1932 2632 2077 2681 auxit
2102 2631 2349 2698 populum
2450 2630 2513 2684 κὰ

2277 2647 2349 2682 tm
2450 2630 2572 2684 κὼό
2595 2632 2945 2697 παρῴκησεν
2967 2629 3035 2682 ἐν
3055 2626 3132 2697 τῇ
3159 2626 3303 2697 Χάμ.
3329 2628 3436 2681 Kal
3460 2627 3688 2694 ηὔξησε
3717 2626 3821 2680 τὸν
3844 2628 3982 2681 labi

810 2739 960 2779 suum
995 2721 1328 2783 vehementer,
1379 2728 1427 2773 et
1483 2719 1708 2789 ﬁrmavit
1764 2735 1880 2772 eum
1925 2735 2076 2787 super
2114 2720 2350 2773 inimicos
2451 2722 2515 2773 ai

2280 2736 2350 2772 :os
2451 2720 2633 2773 αὑτοῦ
2667 2718 2915 2786 σφόδρα,
2942 2717 3036 2770 καὶ
3058 2718 3452 2785 ἐκραταίωσεν
3474 2716 3655 2771 αὑτὸν
3686 2716 3832 2785 ὑπὲρ
3860 2719 3985 2781 τοὺς

810 2814 943 2883 ejus.
975 2810 1107 2877 Quis
1149 2809 1389 2872 intravit,
1414 2808 1519 2863 nisi
1548 2806 1751 2863 lsrael?
1799 2807 1865 2861 Et
1894 2808 2014 2877 quis
2038 2809 2221 2861 accola
2254 2808 2355 2862 fuit
2453 2810 2515 2878 ἐχ

2288 2809 2355 2862 sit
2453 2809 2701 2878 ἐχθροὺς
2742 2808 2944 2861 αὐτοῦ.
2988 2808 3083 2869 Τίς
3131 2807 3186 2861 δὲ
3227 2806 3490 2877 εἰσῆλθεν,
3534 2805 3712 2877 ἀλλ’ἢ
3752 2807 3993 2878 Ἰσραήλ,

812 2907 867 2962 in
897 2914 1037 2960 terra
1060 2902 1247 2967 Cham,
1290 2902 1394 2957 nisi
1430 2898 1635 2955 Jacob?
1709 2900 1803 2955 His
1857 2908 2034 2953 autem
2078 2914 2201 2953 cum
2242 2900 2358 2969 ipse
2457 2902 2517 2953 Κι

2293 2914 2358 2956 se
2457 2900 2566 2953 Kal.
2609 2900 2690 2959 τίς
2718 2897 3039 2967 παρῴκησεν
3079 2898 3135 2949 ἐν
3162 2900 3233 2968 γῇ
3264 2896 3413 2965 Χάμ,
3433 2896 3545 2951 ἀλλ’
3572 2897 3605 2967 ἢ
3643 2896 3866 2962 Ἰακὼ6;
3898 2902 3998 2969 Δη-

813 3000 965 3065 pater
1013 2999 1125 3046 tum
1169 2990 1257 3044 lilii
1301 2989 1421 3059 ejus
1472 2989 1835 3044 declarantur.
1870 2988 2004 3042 Cum
2050 2988 2196 3047 enim
2248 3004 2357 3044 non
2456 2989 2514 3042 λο

2294 3006 2357 3044 on
2456 2989 2636 3042 λοῦται
2668 2988 2722 3040 δὲ
2763 2987 2848 3040 διὰ
2885 2986 3083 3040 τούτων
3122 2987 3280 3050 αὑτός
3309 3004 3370 3039 τε
3398 2989 3427 3039 6
3471 2987 3649 3057 πατὴρ
3682 2989 3773 3040 καὶ
3805 2990 3852 3040 οἱ
3881 2988 3999 3041 τού-

815 3085 964 3140 solus
989 3081 1155 3137 Jacob
1184 3079 1499 3143 intraverit,
1552 3079 1643 3134 sed
1676 3080 1834 3133 etiam
1869 3082 2204 3150 septuaginta
2242 3081 2359 3134 ani-
2455 3098 2520 3134 10‘

2292 3081 2359 3134 ιὶ-
2455 3098 2547 3134 του
2602 3079 2807 3143 παῖδες.
2853 3080 3003 3132 Ἐπεὶ
3037 3077 3146 3149 γὰρ
3182 3077 3255 3130 iob
3319 3078 3475 3148 μόνος
3523 3077 3736 3148 εἰσῆλθε
3791 3079 3997 3144 Ἰακὼϐ,

815 3187 918 3227 ma:
940 3186 1061 3225 cum
1091 3185 1176 3233 eo,
1217 3167 1510 3223 secundum
1560 3167 1714 3231 illud,
1770 3166 1834 3221 In
1881 3170 2207 3239 septuaginta
2244 3169 2359 3223 ani—
2458 3170 2520 3225 ἀλ

2293 3169 2359 3221 »ιί-
2458 3170 2591 3225 ἀλλὰ
2623 3172 2717 3224 καὶ
2761 3170 3126 3241 ἐϐδομήκοντα
3165 3168 3332 3241 ψυχαὶ
3373 3170 3468 3222 σὺν
3520 3167 3685 3238 αὐτῷ,
3728 3170 3867 3222 κατὰ
3910 3171 3998 3223 τό·

819 3262 1002 3317 mabus
1049 3259 1311 3315 descendit
1359 3258 1528 3313 Israel
1570 3259 1627 3312 in
1664 3256 1949 3329 ngyptum
1966 3260 2031 3325 '7;
2073 3260 2273 3313 idcirco
2306 3266 2360 3314 et
2470 3263 2524 3316 Ἐ

2306 3266 2360 3314 et
2470 3263 2571 3316 Ἐν
2597 3261 2995 3331 ἐϐδομήκοντα
3022 3260 3245 3329 ψυχαῖς
3273 3260 3486 3327 κατέϐη
3530 3256 3761 3327 Ἰσραὴλ
3798 3263 3882 3325 εὶς
3904 3260 4002 3317 Αί-

820 3354 916 3410 ﬁlii
950 3360 1003 3408 et
1026 3360 1180 3422 pater
1204 3350 1475 3421 praedictis
1496 3349 1678 3405 verbis
1711 3350 2103 3421 signiﬁcantur.
2124 3350 2192 3404 Et
2214 3351 2356 3404 auxit
2382 3347 2426 3403 C
2458 3372 2525 3422 γυ

2297 3351 2356 3403 rit
2382 3347 2426 3403 C
2458 3366 2711 3422 τυπτον·
2742 3352 2830 3404 διὰ
2854 3350 3007 3405 τοῦτο
3030 3352 3122 3405 καὶ
3142 3353 3191 3404 οἱ
3225 3352 3409 3414 παῖδες
3438 3353 3530 3404 καὶ
3560 3352 3587 3404 6
3613 3352 3794 3423 πατὴρ
3815 3351 4002 3422 ἐδηλώ-

817 3444 1066 3515 populum
1112 3458 1264 3497 suum
1297 3440 1632 3505 vehementer,
1676 3450 1726 3495 et
1760 3442 1987 3510 ﬁrmavit
2035 3457 2151 3495 eum
2210 3456 2362 3509 super
2463 3440 2522 3510 θη

2298 3458 2362 3495 μει-
2463 3440 2629 3510 θησαν
2658 3439 2745 3493 διὰ
2776 3438 2881 3493 τῶν
2916 3438 3299 3512 προκειμένωνι
3322 3439 3433 3493 Καὶ
3472 3440 3702 3508 ηὔξησε
3723 3442 3829 3494 τὸν
3853 3442 4003 3497 λαὸν

820 3534 1059 3589 inimicos
1085 3532 1220 3601 ejus.
1270 3530 1382 3585 Nec
1421 3532 1565 3586 aucti
1594 3547 1692 3587 nec
1726 3531 1920 3585 ﬁrmati
1970 3531 2219 3595 fuissent,
2256 3531 2362 3587 nisi
2460 3531 2525 3584 ai

2298 3531 2362 3587 isi
2460 3529 2643 3584 αὐτοῦ
2664 3529 2912 3599 σφόδρα,
2939 3529 3031 3583 καί
3066 3527 3461 3596 ὲκραταίωσεν
3486 3529 3669 3583 αὑτὸν
3690 3529 3839 3597 ὑπὲρ
3864 3531 4003 3596 τοὺς

821 3623 1115 3694 Josephum
1142 3629 1427 3693 patronum
1456 3622 1601 3676 nacti
1640 3628 1843 3687 essent,
1879 3629 1933 3675 et
1975 3622 2042 3676 ab
2095 3620 2364 3697 Egyptiis
2461 3621 2526 3690 ἐχ

2300 3622 2364 3678 iis
2461 3621 2709 3690 ἐχθροὺς
2748 3621 2951 3675 αὑτοῦ.
2988 3620 3100 3674 Οὐκ
3126 3619 3191 3674 ἂν
3218 3618 3529 3691 ηὐξήθησαν
3561 3619 3679 3673 οὐδὲ
3708 3622 4005 3693 ὲκραταιώ-

826 3717 1085 3771 honorem
1118 3712 1473 3783 accepissent,
1510 3712 1604 3783 qui
1636 3711 1855 3778 Josephi
1909 3713 2078 3781 gratia
2110 3713 2243 3782 ipsis
2268 3714 2364 3768 dea
2463 3710 2529 3781 θη

2304 3728 2364 3768 e-.
2463 3710 2654 3781 θησαν,
2702 3714 2751 3765 εί
2801 3712 2874 3782 μὴ
2930 3710 3115 3779 ἔτυχον
3162 3710 3461 3782 προστάτου
3515 3712 3728 3783 Ἰωσὴφ,
3784 3712 4006 3781 καὶτῆς

828 3807 1120 3877 ferebatur.
2322 3824 2325 3825 ν
2464 3802 2613 3872 παρὰ
2652 3800 2761 3865 τοῖς
2802 3798 3111 3869 Αἰγυπτίοις
3137 3796 3301 3869 τιμῆς
3336 3800 3425 3853 διὰ
3462 3800 3552 3853 τοῦ
3591 3800 3783 3870 Ἰωσὴφ
3828 3803 4010 3866 αὐτοῖς

2474 3890 2909 3962 ,ιαρασχεθείσηᾳ

897 3980 1058 4036 Vnus.
1097 3979 1278 4034 25-56.
1311 3978 1573 4035 Convertit
1616 3996 1706 4034 cor
1741 3996 1920 4035 eorum
1958 4004 2014 4035 ut
2046 3982 2247 4036 adirent
2277 4000 2368 4052 po—
2534 3986 2602 4035 Ma

2312 4000 2368 4037 ο-
2534 3982 2907 4050 Μετέστρεψε
2945 3981 3057 4049 τὴν
3099 3978 3347 4049 καρδίαν
3381 3975 3577 4032 αὐτῶν
3614 3978 3719 4033 τοῦ
3756 3978 4014 4047 μισῆσαι

829 4072 1011 4142 pulum
1043 4086 1217 4132 suum.
1252 4080 1297 4122 εει
1329 4070 1504 4124 dolum
1552 4070 1776 4140 facerent
1808 4072 1863 4126 in
1893 4087 2063 4126 servos
2094 4089 2235 4127 suos.
2271 4074 2371 4127 Mi-
2467 4073 2533 4127 τό

2309 4074 2371 4127 li-
2467 4073 2574 4127 τόν
2607 4077 2758 4128 λαὸν
2785 4072 2987 4137 αὐτοῦ,
3010 4071 3116 4126 τοῦ
3153 4070 3499 4129 δολιοῦσθαι
3522 4070 3590 4123 ὲν
3625 4069 3747 4135 τοῖς
3774 4069 4014 4137 δούλοις

831 4168 901 4220 sit
934 4162 1164 4232 Moysem
1195 4178 1395 4216 servum
1431 4176 1603 4226 suum,
1648 4163 1826 4217 Aaron
1854 4180 2002 4233 quem
2050 4164 2200 4235 elegit
2246 4165 2367 4220 sibi.
2468 4167 2536 4220 αὐ

2307 4165 2367 4220 bi.
2468 4165 2670 4220 αὑτοῦ.
2712 4162 3117 4239 Ἐξαπέστειλε
3147 4161 3411 4230 Μωῦσῆν
3436 4160 3544 4215 τόν
3562 4161 3785 4215 δοῦλον
3807 4162 4012 4225 αὐτοῦ,

834 4254 1022 4312 Posuit
1043 4242 1096 4307 in
1114 4254 1187 4307 eis
1219 4249 1370 4306 verba
1391 4255 1654 4322 signorum
1681 4270 1914 4321 suorum,
1946 4264 1996 4309 et
2016 4254 2372 4326 prodigiorum
2483 4259 2539 4313 Ἀ.

2310 4273 2372 4309 Lm
2483 4255 2692 4325 Ἀαρὼν
2732 4256 2803 4310 ὃν
2845 4254 3157 4320 ἐξελέξατο
3207 4252 3411 4319 ἐαυτῷ.
3455 4255 3671 4337 ’ἘθίετοΔ
3697 4253 3766 4306 ἐν
3810 4252 4015 4319 αὐτοῖς

833 4359 1050 4398 suorum
1084 4342 1140 4395 in
1162 4352 1302 4395 terra
1327 4335 1510 4395 Citam.
1543 4339 1691 4394 Misit
1724 4341 1961 4397 tenebras
1984 4353 2032 4397 et
2058 4342 2371 4411 obscuravit,
2470 4363 2538 4400 το

2310 4344 2371 4411 it,
2470 4346 2611 4412 τοὺς
2646 4346 2861 4415 λόγους
2898 4345 3015 4399 τῶν
3052 4346 3311 4415 σημείων
3336 4335 3667 4409 αὐτοῦίκαὶ
3699 4342 3816 4397 τῶν
3850 4343 4015 4412 τερά-

835 4435 959 4501 quia
988 4430 1423 4487 exacerbaverunt
1466 4445 1724 4484 sermones
1748 4430 1879 4493 eius.
1918 4431 2179 4486 Convertit
2210 4448 2373 4501 aquas
2471 4454 2540 4490 to:

2316 4449 2373 4486 as
2471 4454 2590 4490 των
2631 4436 2813 4489 αὐτοῦ
2838 4436 2907 4489 ἐν
2939 4434 3014 4505 γῇ
3041 4436 3188 4505 Χάμ.
3230 4435 3646 4499 Ἐξαπέστειλε
3669 4435 3887 4499 σκότος
3918 4435 4016 4488 xal

837 4542 1016 4581 eorum
1044 4522 1101 4579 in
1132 4526 1430 4595 sanguinem
1452 4532 1500 4578 et
1543 4523 1727 4578 occidit
1756 4526 1917 4589 pisces
1942 4543 2119 4580 eorum
2199 4526 2377 4581 Edidit
2473 4526 2542 4579 ὲσ

2309 4527 2377 4580 dit
2473 4526 2786 4586 ἐσκότασε,
2825 4523 2913 4576 ὅτι
2941 4526 3382 4591 παρεπίκραναν
3403 4524 3542 4589 τοὺς
3566 4524 3784 4590 λόγους
3810 4520 4014 4575 αὐτοῦ.

840 4629 981 4670 terra
1029 4631 1205 4668 eorum
1254 4631 1411 4668 ranas
1457 4616 1512 4668 in
1542 4614 1889 4682 penetralibus
1917 4632 2095 4687 regum
2124 4616 2372 4685 ipsorum.
2405 4662 2451 4721 Β
2476 4620 2545 4671 Mt

2312 4634 2372 4670 ιιι.
2405 4662 2451 4721 Β
2476 4614 2845 4682 Μετέστρεψε
2884 4613 2955 4666 τὰ
2986 4614 3173 4668 ὕδατα
3202 4613 3397 4667 αὐτῶν
3429 4616 3516 4678 είς
3551 4607 3720 4679 αἷμα,
3747 4612 3843 4665 καί
3877 4611 4017 4665 ἀπέ-

842 4706 992 4761 Dixit
1022 4715 1070 4757 et
1097 4707 1230 4757 venit
1260 4721 1523 4775 cznomya
1549 4716 1598 4760 et
1633 4706 1857 4774 ciniphes
1909 4708 1963 4759 in
1990 4708 2224 4759 omnibus
2256 4708 2376 4775 ﬁni-
2405 4700 2451 4721 "
2477 4722 2543 4761 κτ

2308 4708 2376 4759 ιί-
2405 4700 2451 4721 ⁵³
2477 4721 2668 4761 κτεινε
2708 4704 2849 4770 τοὺς
2888 4705 3091 4772 ἰχθύας
3134 4701 3346 4755 αὐτῶν.
3382 4701 3689 4770 Ἔξεῖρψεν
3728 4703 3767 4769 ή
3804 4700 3881 4771 τῆ
3918 4705 4013 4756 αὐ-

841 4796 935 4850 bus
968 4811 1167 4849 eorum.
1222 4792 1405 4847 Posuit
1431 4794 1629 4863 pluvias
1657 4812 1833 4849 eorum
1862 4796 2187 4866 grandinem,
2211 4799 2377 4866 ignem
2476 4794 2546 4850 τῶ

2292 4814 2377 4850 ιειη
2476 4794 2592 4851 τῶν
2624 4792 2961 4863 βατράχους
2992 4794 3061 4846 ἐν
3106 4791 3230 4859 τοῖς
3271 4793 3525 4862 ταμείοις
3566 4791 3683 4845 τῶν
3716 4792 3997 4857 ,ϐασιλέα

841 4886 1227 4940 comburentem
1252 4885 1305 4936 in
1334 4893 1472 4938 terra
1534 4887 1785 4954 ipsorum.
1834 4886 1897 4939 Et
1924 4887 2176 4956 percussit
2203 4887 2378 4940 vineas
2479 4888 2546 4940 αὐ

2304 4903 2378 4940 eas
2479 4887 2691 4940 αὐτῶν.
2730 4882 2895 4951 Εἶπε,
2922 4884 3021 4940 καὶ
3058 4879 3205 4954 ἦλθε
3234 4884 3523 4952 κυνόμυια
3548 4884 3647 4937 καί
3676 4883 3927 4948 σκνῖπες
3954 4884 4009 4935 ἐν

842 4985 1092 5041 εοηιηιεε
1130 4974 1379 5044 ficulneas
1421 4992 1615 5041 eorum,
1638 4986 1687 5030 et
1728 4979 1968 5032 contrivit
2000 4995 2147 5034 omne
2186 4976 2381 5043 lignum
2481 4976 2547 5032 πὸ

2316 4994 2381 5030 tm
2481 4976 2627 5032 πᾶσι
2663 4977 2785 5043 τοῖς
2813 4978 2993 5046 ὁρίοις
3038 4974 3255 5031 αὐτῶν.
3288 4977 3491 5031 "Edere
3528 4976 3633 5041 τὰς
3666 4972 3892 5042 βροχὰς
3919 4977 4021 5026 αὐ-

850 5067 1027 5132 ﬁnium
1061 5082 1258 5121 eorum.
1295 5064 1465 5132 Dixit,
1496 5076 1546 5120 et
1594 5069 1727 5122 venit
1783 5069 1983 5123 locusta
2035 5079 2083 5124 et
2139 5069 2381 5133 bruchus,
2482 5066 2555 5119 τῶ

2312 5087 2381 5133 us,
2482 5066 2597 5121 τῶν
2633 5065 2912 5137 χάλαζαν,
2945 5067 3062 5135 πῦρ
3092 5064 3464 5134 καταφλέγον
3489 5066 3558 5119 ἐν
3596 5063 3671 5132 τῇ
3703 5061 3779 5132 τῇ
3806 5061 4017 5115 αὐτῶν.

846 5156 998 5224 cujus
1052 5172 1155 5211 non
1202 5164 1315 5210 erat
1348 5173 1610 5219 numerus,
1665 5168 1714 5212 et
1747 5161 1965 5213 comedit
2007 5176 2153 5214 omne
2206 5160 2381 5229 fenum
2482 5162 2551 5213 Kc

2319 5176 2381 5213 Lm
2482 5160 2587 5213 Kal
2621 5159 2873 5223 ἐπάταξε
2899 5159 3003 5224 τὰς
3031 5156 3334 5226 ἀμπέλους
3355 5156 3550 5210 αὐτῶν
3579 5155 3677 5209 καί
3704 5152 3810 5218 τὰς
3834 5150 4024 5219 συκᾶς

847 5248 905 5301 in
928 5256 1079 5301 terra
1136 5264 1343 5312 eorum,
1403 5257 1453 5302 et
1485 5249 1702 5303 comedit
1740 5267 1937 5304 omnem
1975 5252 2198 5318 fructum
2230 5261 2384 5307 terra:
2483 5251 2552 5303 αὑ

2317 5268 2384 5307 ra:
2483 5248 2694 5316 αὐτῶν,
2740 5250 2836 5303 καί
2873 5248 3191 5317 συνέτριψε
3228 5246 3349 5301 πᾶν
3389 5246 3576 5311 ξύλον
3609 5244 3783 5313 όρίων
3808 5242 4022 5301 αὐτῶν.

847 5354 1045 5392 eorum.
1087 5336 1154 5390 Et
1197 5340 1446 5406 percussit
1489 5332 1637 5394 omne
1698 5341 2093 5411 primogenitum
2141 5344 2196 5396 in
2246 5351 2385 5395 terra
2485 5335 2552 5393 El

2323 5358 2385 5394 ra
2485 5335 2649 5404 Εἷπε,
2692 5342 2789 5393 καὶ
2833 5335 3017 5409 ἦλθεν
3053 5338 3224 5405 ἀκρίς
3263 5336 3362 5390 καὶ
3398 5336 3680 5407 βροῦχος,
3708 5328 3778 5389 οὗ
3808 5337 3918 5389 οὐκ
3948 5330 4027 5405 ἦν

850 5444 1050 5491 οοηιηι,
1079 5427 1336 5495 primitias
1364 5429 1531 5484 omnis
1574 5428 1768 5484 laboris
1800 5446 1997 5486 eorum.
2028 5431 2387 5498 Quemadmo-
2487 5429 2555 5498 dp

2326 5447 2387 5486 ο-
2487 5429 2745 5499 ἀριθμὸς,
2780 5428 2876 5481 καί
2914 5426 3204 5496 κατέφαγε
3244 5426 3438 5481 πάντα
3482 5428 3694 5497 χόρτον
3726 5424 3795 5477 ἐν
3835 5423 3910 5493 τῇ
3952 5423 4027 5495 γῆ

852 5517 978 5570 dum
1002 5515 1175 5586 primo
1205 5513 1493 5585 Josephum
1519 5515 1764 5587 permisit
1792 5518 1847 5572 in
1896 5518 2209 5573 servitutem
2242 5519 2387 5574 redi-
2487 5520 2557 5571 αὑ

2318 5519 2387 5573 ii-
2487 5517 2699 5583 αὐτῶν,
2728 5518 2825 5573 καὶ
2855 5515 3142 5585 κατέφαγε
3168 5514 3359 5569 πάντα
3385 5516 3491 5569 τὸν
3522 5514 3748 5580 καρπὸν
3774 5513 3883 5581 τῆς
3912 5512 4023 5583 m’p

853 5604 929 5675 gi,
978 5619 1042 5659 ac
1068 5603 1411 5673 compedibus
1434 5603 1681 5676 ferroque
1705 5606 2005 5674 humiliari;
2048 5607 2241 5664 deinde
2261 5624 2388 5663 vero
2490 5610 2558 5661 αὐ

2321 5624 2388 5663 :ro
2490 5606 2700 5662 αὐτῶν.
2736 5608 2843 5662 Kal
2881 5604 3137 5664 ἐπάταξε
3164 5604 3282 5660 πᾶν
3324 5605 3690 5673 πρωτότοκον
3727 5604 3796 5657 ἐν
3835 5602 3909 5671 τῇ
3952 5599 4026 5670 τῆ

855 5702 981 5766 post
1029 5695 1212 5756 datum
1259 5692 1473 5750 virtutis
1534 5696 1978 5766 experimentum,
2051 5698 2119 5754 ad
2168 5713 2390 5769 regnum
2494 5701 2560 5755 ai

2321 5714 2390 5755 Im
2494 5699 2708 5765 αὐτῶν,
2754 5698 3031 5767 ἀπαρχὴν
3074 5696 3293 5763 παντὸς
3332 5698 3517 5752 πόνου
3561 5694 3771 5749 αὐτῶν.
3821 5694 4026 5770 Ὥσπερ

924 5847 971 5881 ⁸*
1008 5844 1135 5905 Gen.
1173 5863 1291 5915 xu,
1328 5847 1433 5929 27;
1472 5848 1587 5905 Act.
1620 5863 1725 5925 vn,
1762 5849 1846 5907 14.
