  <div class='ocr_page' id='page_1' title='image "/cluster/home/n/w/nwhite01/storage/ocr_20150623/23/coo.31924054873041/672.png"; bbox 0 0 4318 6398; ppageno 0'>
   <div class='ocr_carea' id='block_1_1' title="bbox 323 519 465 576">
    <p class='ocr_par' dir='ltr' id='par_1_1' title="bbox 323 519 465 576">
     <span class='ocr_line' id='line_1_1' title="bbox 323 519 465 576; baseline 0.014 -2"><span class='ocrx_word' id='word_1_1' title='bbox 323 519 465 576; x_wconf 69' lang='grc'><strong><em>1509</em></strong></span> 
     </span>
    </p>
   </div>
   <div class='ocr_carea' id='block_1_2' title="bbox 1356 516 2314 576">
    <p class='ocr_par' dir='ltr' id='par_1_2' title="bbox 1356 516 2314 576">
     <span class='ocr_line' id='line_1_2' title="bbox 1356 516 2314 576; baseline -0.003 -3"><span class='ocrx_word' id='word_1_2' title='bbox 1356 517 1850 576; x_wconf 77' lang='lat' dir='ltr'><strong><em>COMMENTARIA</em></strong></span> <span class='ocrx_word' id='word_1_3' title='bbox 1886 516 1951 570; x_wconf 81' lang='lat' dir='ltr'><strong><em>IN</em></strong></span> <span class='ocrx_word' id='word_1_4' title='bbox 1990 516 2314 574; x_wconf 81' lang='lat' dir='ltr'><strong><em>PSALMOS.</em></strong></span> 
     </span>
    </p>
   </div>
   <div class='ocr_carea' id='block_1_3' title="bbox 3360 519 3494 575">
    <p class='ocr_par' dir='ltr' id='par_1_3' title="bbox 3360 519 3494 575">
     <span class='ocr_line' id='line_1_3' title="bbox 3360 519 3494 575; baseline 0.015 -2"><span class='ocrx_word' id='word_1_5' title='bbox 3360 519 3494 575; x_wconf 73' lang='lat'><strong><em>1510</em></strong></span> 
     </span>
    </p>
   </div>
   <div class='ocr_carea' id='block_1_4' title="bbox 315 620 2020 704">
    <p class='ocr_par' dir='ltr' id='par_1_4' title="bbox 315 632 2017 704">
     <span class='ocr_line' id='line_1_4' title="bbox 315 632 2017 704; baseline -0.002 -17"><span class='ocrx_word' id='word_1_6' title='bbox 315 635 404 687; x_wconf 77' lang='grc' dir='ltr'>τὸν</span> <span class='ocrx_word' id='word_1_7' title='bbox 447 634 643 704; x_wconf 76' lang='grc' dir='ltr'>Ἰωσὴφ</span> <span class='ocrx_word' id='word_1_8' title='bbox 685 635 892 704; x_wconf 86' lang='grc' dir='ltr'>πρῶτον</span> <span class='ocrx_word' id='word_1_9' title='bbox 923 633 1187 704; x_wconf 75' lang='grc' dir='ltr'><strong><em>συγχωρεῖ</em></strong></span> <span class='ocrx_word' id='word_1_10' title='bbox 1211 632 1507 698; x_wconf 86' lang='grc' dir='ltr'>δουλεῦσαι,</span> <span class='ocrx_word' id='word_1_11' title='bbox 1549 635 1642 687; x_wconf 75' lang='grc' dir='ltr'>καὶ</span> <span class='ocrx_word' id='word_1_12' title='bbox 1673 635 1856 695; x_wconf 79' lang='grc' dir='ltr'><strong><em>πέδαις</em></strong></span> <span class='ocrx_word' id='word_1_13' title='bbox 1885 636 1929 690; x_wconf 78' lang='grc' dir='ltr'>Α</span> <span class='ocrx_word' id='word_1_14' title='bbox 1956 647 2017 685; x_wconf 81' lang='lat' dir='ltr'><strong><em>ev</em></strong></span> 
     </span>
    </p>
   </div>
   <div class='ocr_carea' id='block_1_5' title="bbox 1790 620 3495 704">
    <p class='ocr_par' dir='ltr' id='par_1_5' title="bbox 1790 620 3495 704">
     <span class='ocr_line' id='line_1_5' title="bbox 1790 620 3495 704; baseline 0.003 -20"><span class='ocrx_word' id='word_1_15' title='bbox 1790 651 1856 695; x_wconf 82' lang='grc' dir='ltr'><strong><em>ιις</em></strong></span> <span class='ocrx_word' id='word_1_16' title='bbox 1885 636 1929 690; x_wconf 79' lang='grc' dir='ltr'>Α</span> <span class='ocrx_word' id='word_1_17' title='bbox 1956 634 2158 698; x_wconf 78' lang='lat' dir='ltr'><strong><em>evexit;</em></strong></span> <span class='ocrx_word' id='word_1_18' title='bbox 2193 634 2270 687; x_wconf 92' lang='lat' dir='ltr'><strong><em>sic</em></strong></span> <span class='ocrx_word' id='word_1_19' title='bbox 2295 632 2457 685; x_wconf 87' lang='lat' dir='ltr'><strong><em>etiam</em></strong></span> <span class='ocrx_word' id='word_1_20' title='bbox 2488 620 2631 686; x_wconf 82' lang='lat' dir='ltr'><strong><em>nunc</em></strong></span> <span class='ocrx_word' id='word_1_21' title='bbox 2661 647 2782 687; x_wconf 91' lang='lat' dir='ltr'><strong><em>cum</em></strong></span> <span class='ocrx_word' id='word_1_22' title='bbox 2813 633 2973 688; x_wconf 77' lang='lat' dir='ltr'><strong><em>vellet</em></strong></span> <span class='ocrx_word' id='word_1_23' title='bbox 3033 634 3286 703; x_wconf 83' lang='lat' dir='ltr'><strong><em>populum</em></strong></span> <span class='ocrx_word' id='word_1_24' title='bbox 3318 637 3495 704; x_wconf 82' lang='lat' dir='ltr'><strong><em>provi-</em></strong></span> 
     </span>
    </p>
   </div>
   <div class='ocr_carea' id='block_1_6' title="bbox 316 714 1854 795">
    <p class='ocr_par' dir='ltr' id='par_1_6' title="bbox 316 714 1854 795">
     <span class='ocr_line' id='line_1_6' title="bbox 316 714 1854 795; baseline -0.001 -17"><span class='ocrx_word' id='word_1_25' title='bbox 316 728 408 779; x_wconf 77' lang='grc' dir='ltr'>καὶ</span> <span class='ocrx_word' id='word_1_26' title='bbox 439 725 635 795; x_wconf 85' lang='grc' dir='ltr'>σιδήρῳ</span> <span class='ocrx_word' id='word_1_27' title='bbox 674 724 1089 792; x_wconf 64' lang='grc' dir='ltr'>ταπεινωθῆναν</span> <span class='ocrx_word' id='word_1_28' title='bbox 1117 722 1232 777; x_wconf 72' lang='grc' dir='ltr'>εἶτα</span> <span class='ocrx_word' id='word_1_29' title='bbox 1262 724 1397 793; x_wconf 82' lang='grc' dir='ltr'>μετὰ</span> <span class='ocrx_word' id='word_1_30' title='bbox 1435 714 1602 778; x_wconf 84' lang='grc' dir='ltr'>ταῦτα</span> <span class='ocrx_word' id='word_1_31' title='bbox 1632 725 1854 793; x_wconf 84' lang='grc' dir='ltr'>δοκιμὴν</span> 
     </span>
    </p>
   </div>
   <div class='ocr_carea' id='block_1_7' title="bbox 312 815 1848 885">
    <p class='ocr_par' dir='ltr' id='par_1_7' title="bbox 312 815 1848 885">
     <span class='ocr_line' id='line_1_7' title="bbox 312 815 1848 885; baseline -0.003 -15"><span class='ocrx_word' id='word_1_32' title='bbox 312 817 576 870; x_wconf 77' lang='grc' dir='ltr'><strong><em>δεδωκότα</em></strong></span> <span class='ocrx_word' id='word_1_33' title='bbox 602 817 699 884; x_wconf 77' lang='grc' dir='ltr'>τῆς</span> <span class='ocrx_word' id='word_1_34' title='bbox 721 815 918 878; x_wconf 77' lang='grc' dir='ltr'><strong><em>οἰκείας</em></strong></span> <span class='ocrx_word' id='word_1_35' title='bbox 943 816 1154 885; x_wconf 81' lang='grc' dir='ltr'>ἀρετῆς,</span> <span class='ocrx_word' id='word_1_36' title='bbox 1189 816 1523 884; x_wconf 64' lang='grc' dir='ltr'>προάγειεὲπὶ</span> <span class='ocrx_word' id='word_1_37' title='bbox 1554 815 1848 883; x_wconf 87' lang='grc' dir='ltr'>βασιλείαν·</span> 
     </span>
    </p>
   </div>
   <div class='ocr_carea' id='block_1_8' title="bbox 312 905 1851 975">
    <p class='ocr_par' dir='ltr' id='par_1_8' title="bbox 312 905 1851 975">
     <span class='ocr_line' id='line_1_8' title="bbox 312 905 1851 975; baseline -0.001 -18"><span class='ocrx_word' id='word_1_38' title='bbox 312 906 454 958; x_wconf 70' lang='grc' dir='ltr'>οὕτω</span> <span class='ocrx_word' id='word_1_39' title='bbox 482 905 696 970; x_wconf 73' lang='grc' dir='ltr'>καὶνῦν,</span> <span class='ocrx_word' id='word_1_40' title='bbox 716 907 1030 974; x_wconf 83' lang='grc' dir='ltr'>βουλόμενος</span> <span class='ocrx_word' id='word_1_41' title='bbox 1067 908 1164 975; x_wconf 80' lang='grc' dir='ltr'>τῆς</span> <span class='ocrx_word' id='word_1_42' title='bbox 1193 905 1352 959; x_wconf 85' lang='grc' dir='ltr'>αὑτοῦ</span> <span class='ocrx_word' id='word_1_43' title='bbox 1395 907 1691 972; x_wconf 75' lang='grc' dir='ltr'>ἐπισκοπῆς</span> <span class='ocrx_word' id='word_1_44' title='bbox 1717 921 1851 957; x_wconf 88' lang='grc' dir='ltr'>κατ-</span> 
     </span>
    </p>
   </div>
   <div class='ocr_carea' id='block_1_9' title="bbox 311 996 1856 1067">
    <p class='ocr_par' dir='ltr' id='par_1_9' title="bbox 311 996 1856 1067">
     <span class='ocr_line' id='line_1_9' title="bbox 311 996 1856 1067; baseline -0.003 -17"><span class='ocrx_word' id='word_1_45' title='bbox 311 997 538 1062; x_wconf 76' lang='grc' dir='ltr'>αξιῶσαι</span> <span class='ocrx_word' id='word_1_46' title='bbox 573 998 661 1048; x_wconf 84' lang='grc' dir='ltr'>τὸν</span> <span class='ocrx_word' id='word_1_47' title='bbox 705 996 848 1059; x_wconf 80' lang='grc' dir='ltr'>λαὸν,</span> <span class='ocrx_word' id='word_1_48' title='bbox 900 997 1110 1067; x_wconf 82' lang='grc' dir='ltr'>πρῶτον</span> <span class='ocrx_word' id='word_1_49' title='bbox 1134 997 1292 1050; x_wconf 80' lang='grc' dir='ltr'>αὑτὸν</span> <span class='ocrx_word' id='word_1_50' title='bbox 1333 996 1696 1064; x_wconf 85' lang='grc' dir='ltr'>πειρατηρίοις</span> <span class='ocrx_word' id='word_1_51' title='bbox 1723 996 1856 1047; x_wconf 77' lang='grc' dir='ltr'>ἐκδί-</span> 
     </span>
    </p>
   </div>
   <div class='ocr_carea' id='block_1_10' title="bbox 310 1083 1855 1156">
    <p class='ocr_par' dir='ltr' id='par_1_10' title="bbox 310 1083 1855 1156">
     <span class='ocr_line' id='line_1_10' title="bbox 310 1083 1855 1156; baseline -0.002 -17"><span class='ocrx_word' id='word_1_52' title='bbox 310 1087 490 1150; x_wconf 86' lang='grc' dir='ltr'>δωσιν,</span> <span class='ocrx_word' id='word_1_53' title='bbox 545 1087 608 1138; x_wconf 78' lang='grc' dir='ltr'><strong><em>ἶν’</em></strong></span> <span class='ocrx_word' id='word_1_54' title='bbox 656 1085 876 1155; x_wconf 76' lang='grc' dir='ltr'>ὕστερον</span> <span class='ocrx_word' id='word_1_55' title='bbox 922 1086 1082 1156; x_wconf 84' lang='grc' dir='ltr'>λεχθῇ</span> <span class='ocrx_word' id='word_1_56' title='bbox 1135 1085 1224 1138; x_wconf 86' lang='grc' dir='ltr'>τό·</span> <span class='ocrx_word' id='word_1_57' title='bbox 1276 1086 1384 1138; x_wconf 82' lang='lat' dir='ltr'><strong><em>Kal</em></strong></span> <span class='ocrx_word' id='word_1_58' title='bbox 1433 1083 1760 1146; x_wconf 86' lang='grc' dir='ltr'>ἐστέναξαν</span> <span class='ocrx_word' id='word_1_59' title='bbox 1803 1087 1855 1136; x_wconf 82' lang='grc' dir='ltr'>οἱ</span> 
     </span>
    </p>
   </div>
   <div class='ocr_carea' id='block_1_11' title="bbox 311 1171 1855 1242">
    <p class='ocr_par' dir='ltr' id='par_1_11' title="bbox 311 1171 1855 1242">
     <span class='ocr_line' id='line_1_11' title="bbox 311 1171 1855 1242; baseline -0.003 -14"><span class='ocrx_word' id='word_1_60' title='bbox 311 1177 428 1228; x_wconf 84' lang='lat' dir='ltr'><strong><em>vlol</em></strong></span> <span class='ocrx_word' id='word_1_61' title='bbox 483 1173 746 1242; x_wconf 70' lang='grc' dir='ltr'>Ἰσραὴλ,</span> <span class='ocrx_word' id='word_1_62' title='bbox 792 1176 887 1227; x_wconf 79' lang='grc' dir='ltr'>καὶ</span> <span class='ocrx_word' id='word_1_63' title='bbox 937 1174 1261 1241; x_wconf 77' lang='grc' dir='ltr'>ἐκέκραξαν</span> <span class='ocrx_word' id='word_1_64' title='bbox 1303 1173 1450 1240; x_wconf 85' lang='grc' dir='ltr'>πρὸς</span> <span class='ocrx_word' id='word_1_65' title='bbox 1494 1174 1707 1239; x_wconf 79' lang='grc' dir='ltr'><strong><em>Κύριον</em></strong></span> <span class='ocrx_word' id='word_1_66' title='bbox 1752 1171 1855 1223; x_wconf 83' lang='grc' dir='ltr'><strong><em>τὸν</em></strong></span> 
     </span>
    </p>
   </div>
   <div class='ocr_carea' id='block_1_12' title="bbox 313 1260 1855 1331">
    <p class='ocr_par' dir='ltr' id='par_1_12' title="bbox 313 1260 1855 1331">
     <span class='ocr_line' id='line_1_12' title="bbox 313 1260 1855 1331; baseline -0.003 -14"><span class='ocrx_word' id='word_1_67' title='bbox 313 1263 461 1318; x_wconf 81' lang='grc' dir='ltr'>Θεὸν</span> <span class='ocrx_word' id='word_1_68' title='bbox 489 1262 702 1326; x_wconf 82' lang='grc' dir='ltr'>αὐτῶν,</span> <span class='ocrx_word' id='word_1_69' title='bbox 743 1265 837 1331; x_wconf 77' lang='grc' dir='ltr'><strong><em>καί</em></strong></span> <span class='ocrx_word' id='word_1_70' title='bbox 884 1263 1060 1330; x_wconf 77' lang='grc' dir='ltr'>ἀνέϐη</span> <span class='ocrx_word' id='word_1_71' title='bbox 1103 1267 1140 1330; x_wconf 77' lang='grc' dir='ltr'><strong><em>η</em></strong></span> <span class='ocrx_word' id='word_1_72' title='bbox 1169 1262 1289 1328; x_wconf 79' lang='grc' dir='ltr'>,ϐοὴ</span> <span class='ocrx_word' id='word_1_73' title='bbox 1337 1261 1532 1314; x_wconf 84' lang='grc' dir='ltr'>αὐτῶν</span> <span class='ocrx_word' id='word_1_74' title='bbox 1570 1261 1717 1328; x_wconf 83' lang='grc' dir='ltr'>πρὸς</span> <span class='ocrx_word' id='word_1_75' title='bbox 1750 1260 1855 1312; x_wconf 81' lang='grc' dir='ltr'><strong><em>τὸν</em></strong></span> 
     </span>
    </p>
   </div>
   <div class='ocr_carea' id='block_1_13' title="bbox 315 1347 1858 1421">
    <p class='ocr_par' dir='ltr' id='par_1_13' title="bbox 315 1347 1858 1421">
     <span class='ocr_line' id='line_1_13' title="bbox 315 1347 1858 1421; baseline -0.003 -17"><span class='ocrx_word' id='word_1_76' title='bbox 315 1352 462 1404; x_wconf 79' lang='grc' dir='ltr'><strong><em>Θεὸν</em></strong></span> <span class='ocrx_word' id='word_1_77' title='bbox 489 1353 605 1404; x_wconf 80' lang='grc' dir='ltr'><strong><em>ἀπὸ</em></strong></span> <span class='ocrx_word' id='word_1_78' title='bbox 630 1353 746 1405; x_wconf 86' lang='grc' dir='ltr'>τῶν</span> <span class='ocrx_word' id='word_1_79' title='bbox 775 1354 977 1421; x_wconf 72' lang='grc' dir='ltr'>ἔργων.</span> <span class='ocrx_word' id='word_1_80' title='bbox 1007 1354 1114 1405; x_wconf 81' lang='grc' dir='ltr'><strong><em>Καὶ</em></strong></span> <span class='ocrx_word' id='word_1_81' title='bbox 1144 1350 1501 1416; x_wconf 81' lang='grc' dir='ltr'>είσήκουσεν</span> <span class='ocrx_word' id='word_1_82' title='bbox 1520 1351 1552 1401; x_wconf 88' lang='grc' dir='ltr'><strong><em>ό</em></strong></span> <span class='ocrx_word' id='word_1_83' title='bbox 1579 1349 1720 1412; x_wconf 84' lang='grc' dir='ltr'><strong><em>Θεὸς</em></strong></span> <span class='ocrx_word' id='word_1_84' title='bbox 1750 1347 1858 1400; x_wconf 85' lang='grc' dir='ltr'>τὸν</span> 
     </span>
    </p>
   </div>
   <div class='ocr_carea' id='block_1_14' title="bbox 311 1437 1853 1512">
    <p class='ocr_par' dir='ltr' id='par_1_14' title="bbox 311 1437 1853 1512">
     <span class='ocr_line' id='line_1_14' title="bbox 311 1437 1853 1512; baseline -0.004 -16"><span class='ocrx_word' id='word_1_85' title='bbox 311 1443 643 1512; x_wconf 74' lang='grc' dir='ltr'>στεναγμὸν</span> <span class='ocrx_word' id='word_1_86' title='bbox 662 1443 884 1497; x_wconf 84' lang='grc' dir='ltr'>αὐτῶν·</span> <span class='ocrx_word' id='word_1_87' title='bbox 929 1444 1023 1496; x_wconf 77' lang='grc' dir='ltr'>καὶ</span> <span class='ocrx_word' id='word_1_88' title='bbox 1050 1441 1314 1511; x_wconf 76' lang='grc' dir='ltr'>ἐμνήσθη</span> <span class='ocrx_word' id='word_1_89' title='bbox 1340 1444 1370 1493; x_wconf 90' lang='grc' dir='ltr'><strong><em>ό</em></strong></span> <span class='ocrx_word' id='word_1_90' title='bbox 1411 1440 1555 1503; x_wconf 83' lang='grc' dir='ltr'><strong><em>Θεὸς</em></strong></span> <span class='ocrx_word' id='word_1_91' title='bbox 1585 1438 1693 1505; x_wconf 82' lang='grc' dir='ltr'><strong><em>τῆς</em></strong></span> <span class='ocrx_word' id='word_1_92' title='bbox 1728 1437 1853 1490; x_wconf 87' lang='grc' dir='ltr'>δια-</span> 
     </span>
    </p>
   </div>
   <div class='ocr_carea' id='block_1_15' title="bbox 311 1526 1851 1600">
    <p class='ocr_par' dir='ltr' id='par_1_15' title="bbox 311 1526 1851 1600">
     <span class='ocr_line' id='line_1_15' title="bbox 311 1526 1851 1600; baseline -0.003 -15"><span class='ocrx_word' id='word_1_93' title='bbox 311 1526 514 1599; x_wconf 61' lang='grc' dir='ltr'>θήκης</span> <span class='ocrx_word' id='word_1_94' title='bbox 544 1533 726 1587; x_wconf 87' lang='grc' dir='ltr'>αὐτοῦ</span> <span class='ocrx_word' id='word_1_95' title='bbox 761 1533 869 1600; x_wconf 80' lang='grc' dir='ltr'>τῆς</span> <span class='ocrx_word' id='word_1_96' title='bbox 914 1533 1060 1600; x_wconf 87' lang='grc' dir='ltr'>πρὸς</span> <span class='ocrx_word' id='word_1_97' title='bbox 1095 1533 1336 1598; x_wconf 73' lang='grc' dir='ltr'>Ἀϐραὰμ</span> <span class='ocrx_word' id='word_1_98' title='bbox 1382 1529 1478 1582; x_wconf 76' lang='grc' dir='ltr'>καὶ</span> <span class='ocrx_word' id='word_1_99' title='bbox 1524 1530 1714 1583; x_wconf 81' lang='grc' dir='ltr'>Ἰσαὰκ</span> <span class='ocrx_word' id='word_1_100' title='bbox 1756 1528 1851 1580; x_wconf 82' lang='grc' dir='ltr'>καὶ</span> 
     </span>
    </p>
   </div>
   <div class='ocr_carea' id='block_1_16' title="bbox 323 1617 1848 1685">
    <p class='ocr_par' dir='ltr' id='par_1_16' title="bbox 323 1617 1848 1685">
     <span class='ocr_line' id='line_1_16' title="bbox 323 1617 1848 1685; baseline -0.005 -8"><span class='ocrx_word' id='word_1_101' title='bbox 323 1621 532 1677; x_wconf 74' lang='grc' dir='ltr'>Ἰακώϐ.</span> <span class='ocrx_word' id='word_1_102' title='bbox 573 1623 680 1677; x_wconf 85' lang='lat' dir='ltr'><strong><em>Kal</em></strong></span> <span class='ocrx_word' id='word_1_103' title='bbox 706 1623 938 1677; x_wconf 80' lang='grc' dir='ltr'><strong><em>ἐπεῖδεν</em></strong></span> <span class='ocrx_word' id='word_1_104' title='bbox 967 1626 998 1675; x_wconf 86' lang='grc' dir='ltr'><strong><em>ό</em></strong></span> <span class='ocrx_word' id='word_1_105' title='bbox 1036 1623 1176 1685; x_wconf 79' lang='grc' dir='ltr'>Θεὸς</span> <span class='ocrx_word' id='word_1_106' title='bbox 1223 1620 1362 1684; x_wconf 81' lang='grc' dir='ltr'>τοὺς</span> <span class='ocrx_word' id='word_1_107' title='bbox 1391 1618 1558 1683; x_wconf 89' lang='grc' dir='ltr'>υίοὺς</span> <span class='ocrx_word' id='word_1_108' title='bbox 1598 1617 1848 1685; x_wconf 75' lang='grc' dir='ltr'>Ἰσραὴλ,</span> 
     </span>
    </p>
   </div>
   <div class='ocr_carea' id='block_1_17' title="bbox 310 1694 1852 1783">
    <p class='ocr_par' dir='ltr' id='par_1_17' title="bbox 310 1694 1852 1783">
     <span class='ocr_line' id='line_1_17' title="bbox 310 1694 1852 1783; baseline -0.005 -14"><span class='ocrx_word' id='word_1_109' title='bbox 310 1694 408 1768; x_wconf 59' lang='grc' dir='ltr'>διαὶ</span> <span class='ocrx_word' id='word_1_110' title='bbox 432 1713 696 1783; x_wconf 78' lang='grc' dir='ltr'>ἐγνώσθη</span> <span class='ocrx_word' id='word_1_111' title='bbox 734 1714 951 1779; x_wconf 84' lang='grc' dir='ltr'>αὐτοῖς.</span> <span class='ocrx_word' id='word_1_112' title='bbox 991 1712 1204 1781; x_wconf 76' lang='grc' dir='ltr'>Ἐπειδὴ</span> <span class='ocrx_word' id='word_1_113' title='bbox 1235 1712 1291 1764; x_wconf 67' lang='grc' dir='ltr'>δὲ</span> <span class='ocrx_word' id='word_1_114' title='bbox 1322 1713 1553 1782; x_wconf 89' lang='grc' dir='ltr'>είρηται,</span> <span class='ocrx_word' id='word_1_115' title='bbox 1583 1711 1664 1762; x_wconf 86' lang='grc' dir='ltr'>ὃτι</span> <span class='ocrx_word' id='word_1_116' title='bbox 1687 1709 1852 1777; x_wconf 80' lang='grc' dir='ltr'><strong><em>μετέ-</em></strong></span> 
     </span>
    </p>
   </div>
   <div class='ocr_carea' id='block_1_18' title="bbox 309 1799 1852 1872">
    <p class='ocr_par' dir='ltr' id='par_1_18' title="bbox 309 1799 1852 1872">
     <span class='ocr_line' id='line_1_18' title="bbox 309 1799 1852 1872; baseline -0.004 -16"><span class='ocrx_word' id='word_1_117' title='bbox 309 1807 533 1872; x_wconf 72' lang='grc' dir='ltr'>στρεψε</span> <span class='ocrx_word' id='word_1_118' title='bbox 574 1803 688 1871; x_wconf 83' lang='grc' dir='ltr'>τὴν</span> <span class='ocrx_word' id='word_1_119' title='bbox 718 1803 963 1870; x_wconf 77' lang='grc' dir='ltr'><strong><em>καρδίαν</em></strong></span> <span class='ocrx_word' id='word_1_120' title='bbox 1007 1800 1217 1863; x_wconf 83' lang='grc' dir='ltr'>αὐτῶν,</span> <span class='ocrx_word' id='word_1_121' title='bbox 1263 1801 1499 1870; x_wconf 85' lang='grc' dir='ltr'>δηλονότι</span> <span class='ocrx_word' id='word_1_122' title='bbox 1548 1799 1652 1852; x_wconf 84' lang='grc' dir='ltr'><strong><em>τῶν</em></strong></span> <span class='ocrx_word' id='word_1_123' title='bbox 1691 1801 1852 1866; x_wconf 80' lang='grc' dir='ltr'>Λίγυ-</span> 
     </span>
    </p>
   </div>
   <div class='ocr_carea' id='block_1_19' title="bbox 309 1889 1851 1963">
    <p class='ocr_par' dir='ltr' id='par_1_19' title="bbox 309 1889 1851 1963">
     <span class='ocr_line' id='line_1_19' title="bbox 309 1889 1851 1963; baseline -0.003 -17"><span class='ocrx_word' id='word_1_124' title='bbox 309 1895 498 1959; x_wconf 81' lang='grc' dir='ltr'>πτίων,</span> <span class='ocrx_word' id='word_1_125' title='bbox 535 1895 638 1948; x_wconf 82' lang='grc' dir='ltr'>τοῦ</span> <span class='ocrx_word' id='word_1_126' title='bbox 657 1894 910 1963; x_wconf 83' lang='grc' dir='ltr'><strong><em>μισῆσαι</em></strong></span> <span class='ocrx_word' id='word_1_127' title='bbox 942 1893 1047 1945; x_wconf 86' lang='grc' dir='ltr'>τὸν</span> <span class='ocrx_word' id='word_1_128' title='bbox 1073 1895 1223 1946; x_wconf 78' lang='grc' dir='ltr'><strong><em>λαὸν</em></strong></span> <span class='ocrx_word' id='word_1_129' title='bbox 1247 1891 1448 1954; x_wconf 78' lang='grc' dir='ltr'>αὑτοῦ,</span> <span class='ocrx_word' id='word_1_130' title='bbox 1477 1893 1638 1960; x_wconf 82' lang='grc' dir='ltr'>ὲρείς,</span> <span class='ocrx_word' id='word_1_131' title='bbox 1675 1891 1752 1942; x_wconf 80' lang='grc' dir='ltr'>ὅτι</span> <span class='ocrx_word' id='word_1_132' title='bbox 1777 1889 1851 1941; x_wconf 91' lang='grc' dir='ltr'>δι-</span> 
     </span>
    </p>
   </div>
   <div class='ocr_carea' id='block_1_20' title="bbox 1961 723 3499 794">
    <p class='ocr_par' dir='ltr' id='par_1_20' title="bbox 1961 723 3499 794">
     <span class='ocr_line' id='line_1_20' title="bbox 1961 723 3499 794; baseline 0.001 -18"><span class='ocrx_word' id='word_1_133' title='bbox 1961 724 2139 777; x_wconf 89' lang='lat' dir='ltr'><strong><em>dentia</em></strong></span> <span class='ocrx_word' id='word_1_134' title='bbox 2164 739 2260 778; x_wconf 89' lang='lat' dir='ltr'><strong><em>sua</em></strong></span> <span class='ocrx_word' id='word_1_135' title='bbox 2284 723 2516 791; x_wconf 89' lang='lat' dir='ltr'><strong><em>dignari,</em></strong></span> <span class='ocrx_word' id='word_1_136' title='bbox 2551 725 2730 792; x_wconf 89' lang='lat' dir='ltr'><strong><em>ipsum</em></strong></span> <span class='ocrx_word' id='word_1_137' title='bbox 2769 725 2940 794; x_wconf 90' lang='lat' dir='ltr'><strong><em>primo</em></strong></span> <span class='ocrx_word' id='word_1_138' title='bbox 2971 727 3358 786; x_wconf 83' lang='lat' dir='ltr'><strong><em>tentationibus</em></strong></span> <span class='ocrx_word' id='word_1_139' title='bbox 3391 736 3499 780; x_wconf 73' lang='lat' dir='ltr'><strong><em>ua.-</em></strong></span> 
     </span>
    </p>
   </div>
   <div class='ocr_carea' id='block_1_21' title="bbox 1963 799 3497 887">
    <p class='ocr_par' dir='ltr' id='par_1_21' title="bbox 1963 799 3497 887">
     <span class='ocr_line' id='line_1_21' title="bbox 1963 799 3497 887; baseline 0.003 -21"><span class='ocrx_word' id='word_1_140' title='bbox 1963 813 2119 878; x_wconf 89' lang='lat' dir='ltr'><strong><em>didit,</em></strong></span> <span class='ocrx_word' id='word_1_141' title='bbox 2147 822 2205 866; x_wconf 91' lang='lat' dir='ltr'><strong><em>ut</em></strong></span> <span class='ocrx_word' id='word_1_142' title='bbox 2240 814 2579 882; x_wconf 76' lang='lat' dir='ltr'><strong><em>postmodum</em></strong></span> <span class='ocrx_word' id='word_1_143' title='bbox 2615 814 2884 869; x_wconf 82' lang='lat' dir='ltr'><strong><em>diceretur</em></strong></span> <span class='ocrx_word' id='word_1_144' title='bbox 2929 816 3057 868; x_wconf 90' lang='lat' dir='ltr'><strong><em>illud</em></strong></span> <span class='ocrx_word' id='word_1_145' title='bbox 3133 799 3497 887; x_wconf 27' lang='lat' dir='ltr'><strong><em>&#39;Et&#39;ingemuc-</em></strong></span> 
     </span>
    </p>
   </div>
   <div class='ocr_carea' id='block_1_22' title="bbox 1961 903 3496 970">
    <p class='ocr_par' dir='ltr' id='par_1_22' title="bbox 1961 903 3496 970">
     <span class='ocr_line' id='line_1_22' title="bbox 1961 903 3496 970; baseline 0.003 -16"><span class='ocrx_word' id='word_1_146' title='bbox 1961 911 2080 955; x_wconf 85' lang='lat' dir='ltr'><strong><em>runt</em></strong></span> <span class='ocrx_word' id='word_1_147' title='bbox 2119 904 2218 970; x_wconf 79' lang='lat' dir='ltr'><strong><em>filii</em></strong></span> <span class='ocrx_word' id='word_1_148' title='bbox 2264 903 2451 967; x_wconf 85' lang='lat' dir='ltr'><strong><em>Israel,</em></strong></span> <span class='ocrx_word' id='word_1_149' title='bbox 2510 913 2558 957; x_wconf 90' lang='lat' dir='ltr'><strong><em>et</em></strong></span> <span class='ocrx_word' id='word_1_150' title='bbox 2609 905 3028 959; x_wconf 76' lang='lat' dir='ltr'><strong><em>exclamaverunt</em></strong></span> <span class='ocrx_word' id='word_1_151' title='bbox 3085 904 3151 958; x_wconf 86' lang='lat' dir='ltr'><strong><em>ad</em></strong></span> <span class='ocrx_word' id='word_1_152' title='bbox 3216 905 3496 960; x_wconf 89' lang='lat' dir='ltr'><strong><em>Dominum</em></strong></span> 
     </span>
    </p>
   </div>
   <div class='ocr_carea' id='block_1_23' title="bbox 1963 993 3495 1057">
    <p class='ocr_par' dir='ltr' id='par_1_23' title="bbox 1963 993 3495 1057">
     <span class='ocr_line' id='line_1_23' title="bbox 1963 993 3495 1057; baseline 0.002 -13"><span class='ocrx_word' id='word_1_153' title='bbox 1963 993 2126 1045; x_wconf 85' lang='lat' dir='ltr'><strong><em>Deum</em></strong></span> <span class='ocrx_word' id='word_1_154' title='bbox 2155 1009 2324 1057; x_wconf 89' lang='lat' dir='ltr'><strong><em>suum,</em></strong></span> <span class='ocrx_word' id='word_1_155' title='bbox 2358 1002 2404 1044; x_wconf 92' lang='lat' dir='ltr'><strong><em>et</em></strong></span> <span class='ocrx_word' id='word_1_156' title='bbox 2437 993 2666 1046; x_wconf 74' lang='lat' dir='ltr'><strong><em>ascendit</em></strong></span> <span class='ocrx_word' id='word_1_157' title='bbox 2695 994 2894 1046; x_wconf 86' lang='lat' dir='ltr'><strong><em>clamor</em></strong></span> <span class='ocrx_word' id='word_1_158' title='bbox 2914 1010 3090 1046; x_wconf 88' lang='lat' dir='ltr'><strong><em>eorum</em></strong></span> <span class='ocrx_word' id='word_1_159' title='bbox 3129 993 3202 1045; x_wconf 66' lang='lat' dir='ltr'><strong><em>ad&#39;</em></strong></span> <span class='ocrx_word' id='word_1_160' title='bbox 3240 993 3400 1047; x_wconf 90' lang='lat' dir='ltr'><strong><em>Deum</em></strong></span> <span class='ocrx_word' id='word_1_161' title='bbox 3430 995 3495 1047; x_wconf 88' lang='lat' dir='ltr'><strong><em>ab</em></strong></span> 
     </span>
    </p>
   </div>
   <div class='ocr_carea' id='block_1_24' title="bbox 1959 1081 3495 1152">
    <p class='ocr_par' dir='ltr' id='par_1_24' title="bbox 1959 1081 3495 1152">
     <span class='ocr_line' id='line_1_24' title="bbox 1959 1081 3495 1152; baseline 0.003 -18"><span class='ocrx_word' id='word_1_162' title='bbox 1959 1082 2195 1150; x_wconf 75' lang='lat' dir='ltr'><strong><em>operibus</em></strong></span> <span class='ocrx_word' id='word_1_163' title='bbox 2234 1101 2250 1137; x_wconf 95' lang='lat'><em>:</em></span> <span class='ocrx_word' id='word_1_164' title='bbox 2277 1094 2320 1141; x_wconf 83' lang='lat' dir='ltr'><strong><em>et</em></strong></span> <span class='ocrx_word' id='word_1_165' title='bbox 2351 1083 2614 1136; x_wconf 73' lang='lat' dir='ltr'><strong><em>exaudivit</em></strong></span> <span class='ocrx_word' id='word_1_166' title='bbox 2662 1081 2796 1135; x_wconf 89' lang='lat' dir='ltr'><strong><em>Deus</em></strong></span> <span class='ocrx_word' id='word_1_167' title='bbox 2827 1086 3068 1152; x_wconf 77' lang='lat' dir='ltr'><strong><em>gemitum</em></strong></span> <span class='ocrx_word' id='word_1_168' title='bbox 3096 1099 3289 1143; x_wconf 88' lang='lat' dir='ltr'><strong><em>eorum,</em></strong></span> <span class='ocrx_word' id='word_1_169' title='bbox 3337 1093 3384 1136; x_wconf 88' lang='lat' dir='ltr'><strong><em>et</em></strong></span> <span class='ocrx_word' id='word_1_170' title='bbox 3417 1101 3495 1138; x_wconf 87' lang='lat' dir='ltr'><strong><em>re-</em></strong></span> 
     </span>
    </p>
   </div>
   <div class='ocr_carea' id='block_1_25' title="bbox 1959 1157 3494 1228">
    <p class='ocr_par' dir='ltr' id='par_1_25' title="bbox 1959 1157 3494 1228">
     <span class='ocr_line' id='line_1_25' title="bbox 1959 1157 3494 1228; baseline 0.003 -4"><span class='ocrx_word' id='word_1_171' title='bbox 1959 1173 2203 1227; x_wconf 86' lang='lat' dir='ltr'><strong><em>cordatus</em></strong></span> <span class='ocrx_word' id='word_1_172' title='bbox 2229 1157 2317 1228; x_wconf 81' lang='lat' dir='ltr'><strong><em>est</em></strong></span> <span class='ocrx_word' id='word_1_173' title='bbox 2365 1174 2507 1227; x_wconf 88' lang='lat' dir='ltr'><strong><em>Deus</em></strong></span> <span class='ocrx_word' id='word_1_174' title='bbox 2543 1177 2833 1228; x_wconf 85' lang='lat' dir='ltr'><strong><em>testamenti</em></strong></span> <span class='ocrx_word' id='word_1_175' title='bbox 2888 1175 2971 1226; x_wconf 78' lang='lat' dir='ltr'><strong><em>sui</em></strong></span> <span class='ocrx_word' id='word_1_176' title='bbox 3013 1174 3080 1225; x_wconf 88' lang='lat' dir='ltr'><strong><em>ad</em></strong></span> <span class='ocrx_word' id='word_1_177' title='bbox 3136 1173 3398 1226; x_wconf 82' lang='lat' dir='ltr'><strong><em>Abraham</em></strong></span> <span class='ocrx_word' id='word_1_178' title='bbox 3444 1185 3494 1228; x_wconf 87' lang='lat' dir='ltr'><strong><em>et</em></strong></span> 
     </span>
    </p>
   </div>
   <div class='ocr_carea' id='block_1_26' title="bbox 1961 1259 3494 1328">
    <p class='ocr_par' dir='ltr' id='par_1_26' title="bbox 1961 1259 3494 1328">
     <span class='ocr_line' id='line_1_26' title="bbox 1961 1259 3494 1328; baseline 0 -14"><span class='ocrx_word' id='word_1_179' title='bbox 1961 1260 2118 1315; x_wconf 80' lang='lat' dir='ltr'><strong><em>Isaac</em></strong></span> <span class='ocrx_word' id='word_1_180' title='bbox 2157 1272 2206 1317; x_wconf 89' lang='lat' dir='ltr'><strong><em>et</em></strong></span> <span class='ocrx_word' id='word_1_181' title='bbox 2248 1261 2435 1318; x_wconf 71' lang='lat' dir='ltr'><strong><em>Iacob.</em></strong></span> <span class='ocrx_word' id='word_1_182' title='bbox 2469 1261 2538 1315; x_wconf 86' lang='lat' dir='ltr'><strong><em>Et</em></strong></span> <span class='ocrx_word' id='word_1_183' title='bbox 2595 1264 2814 1328; x_wconf 71' lang='lat' dir='ltr'><strong><em>respexit</em></strong></span> <span class='ocrx_word' id='word_1_184' title='bbox 2866 1261 3002 1314; x_wconf 88' lang='lat' dir='ltr'><strong><em>Deus</em></strong></span> <span class='ocrx_word' id='word_1_185' title='bbox 3040 1260 3178 1327; x_wconf 79' lang='lat' dir='ltr'><strong><em>ﬁlios</em></strong></span> <span class='ocrx_word' id='word_1_186' title='bbox 3229 1259 3418 1321; x_wconf 77' lang='lat' dir='ltr'><strong><em>Israel,</em></strong></span> <span class='ocrx_word' id='word_1_187' title='bbox 3445 1270 3494 1314; x_wconf 90' lang='lat' dir='ltr'><strong><em>et</em></strong></span> 
     </span>
    </p>
   </div>
   <div class='ocr_carea' id='block_1_27' title="bbox 1958 1350 3493 1418">
    <p class='ocr_par' dir='ltr' id='par_1_27' title="bbox 1958 1350 3493 1418">
     <span class='ocr_line' id='line_1_27' title="bbox 1958 1350 3493 1418; baseline 0 -17"><span class='ocrx_word' id='word_1_188' title='bbox 1958 1351 2194 1418; x_wconf 82' lang='lat' dir='ltr'><strong><em>cognitus</em></strong></span> <span class='ocrx_word' id='word_1_189' title='bbox 2222 1359 2298 1403; x_wconf 86' lang='lat' dir='ltr'><strong><em>est</em></strong></span> <span class='ocrx_word' id='word_1_190' title='bbox 2320 1350 2430 1403; x_wconf 89' lang='lat' dir='ltr'><strong><em>illis</em></strong></span> <span class='ocrx_word' id='word_1_191' title='bbox 2453 1351 2515 1403; x_wconf 81' lang='lat'><strong><em>“.</em></strong></span> <span class='ocrx_word' id='word_1_192' title='bbox 2539 1350 2673 1414; x_wconf 82' lang='lat' dir='ltr'><strong><em>Quia</em></strong></span> <span class='ocrx_word' id='word_1_193' title='bbox 2713 1365 2843 1404; x_wconf 84' lang='lat' dir='ltr'><strong><em>vero</em></strong></span> <span class='ocrx_word' id='word_1_194' title='bbox 2883 1350 3083 1403; x_wconf 86' lang='lat' dir='ltr'><strong><em>dictum</em></strong></span> <span class='ocrx_word' id='word_1_195' title='bbox 3118 1357 3221 1414; x_wconf 87' lang='lat' dir='ltr'><strong><em>est,</em></strong></span> <span class='ocrx_word' id='word_1_196' title='bbox 3249 1350 3493 1402; x_wconf 82' lang='lat' dir='ltr'><strong><em>convertit</em></strong></span> 
     </span>
    </p>
   </div>
   <div class='ocr_carea' id='block_1_28' title="bbox 1958 1439 3493 1510">
    <p class='ocr_par' dir='ltr' id='par_1_28' title="bbox 1958 1439 3493 1510">
     <span class='ocr_line' id='line_1_28' title="bbox 1958 1439 3493 1510; baseline 0 -21"><span class='ocrx_word' id='word_1_197' title='bbox 1958 1454 2048 1490; x_wconf 89' lang='lat' dir='ltr'><strong><em>cor</em></strong></span> <span class='ocrx_word' id='word_1_198' title='bbox 2071 1454 2274 1501; x_wconf 85' lang='lat' dir='ltr'><strong><em>eorum,</em></strong></span> <span class='ocrx_word' id='word_1_199' title='bbox 2322 1439 2528 1493; x_wconf 77' lang='lat' dir='ltr'><strong><em>scilicet</em></strong></span> <span class='ocrx_word' id='word_1_200' title='bbox 2559 1439 2964 1510; x_wconf 63' lang='lat' dir='ltr'><strong><em>Egyptiorum;</em></strong></span> <span class='ocrx_word' id='word_1_201' title='bbox 3022 1454 3077 1492; x_wconf 81' lang='lat' dir='ltr'><strong><em>ut</em></strong></span> <span class='ocrx_word' id='word_1_202' title='bbox 3110 1439 3308 1492; x_wconf 86' lang='lat' dir='ltr'><strong><em>adirent</em></strong></span> <span class='ocrx_word' id='word_1_203' title='bbox 3335 1453 3493 1506; x_wconf 87' lang='lat' dir='ltr'><strong><em>popu-</em></strong></span> 
     </span>
    </p>
   </div>
   <div class='ocr_carea' id='block_1_29' title="bbox 1958 1529 3492 1599">
    <p class='ocr_par' dir='ltr' id='par_1_29' title="bbox 1958 1529 3492 1599">
     <span class='ocr_line' id='line_1_29' title="bbox 1958 1529 3492 1599; baseline 0.001 -19"><span class='ocrx_word' id='word_1_204' title='bbox 1958 1529 2065 1580; x_wconf 89' lang='lat' dir='ltr'><strong><em>lum</em></strong></span> <span class='ocrx_word' id='word_1_205' title='bbox 2093 1529 2202 1596; x_wconf 83' lang='lat' dir='ltr'><strong><em>ejus</em></strong></span> <span class='ocrx_word' id='word_1_206' title='bbox 2230 1544 2248 1591; x_wconf 90' lang='lat'><strong><em>;</em></strong></span> <span class='ocrx_word' id='word_1_207' title='bbox 2276 1529 2424 1583; x_wconf 90' lang='lat' dir='ltr'><strong><em>dicas</em></strong></span> <span class='ocrx_word' id='word_1_208' title='bbox 2455 1529 2620 1584; x_wconf 90' lang='lat' dir='ltr'><strong><em>Deum</em></strong></span> <span class='ocrx_word' id='word_1_209' title='bbox 2656 1530 2759 1585; x_wconf 85' lang='lat' dir='ltr'><strong><em>hoc</em></strong></span> <span class='ocrx_word' id='word_1_210' title='bbox 2781 1531 2904 1599; x_wconf 86' lang='lat' dir='ltr'><strong><em>jure</em></strong></span> <span class='ocrx_word' id='word_1_211' title='bbox 2933 1531 3142 1585; x_wconf 85' lang='lat' dir='ltr'><strong><em>fecisse.</em></strong></span> <span class='ocrx_word' id='word_1_212' title='bbox 3187 1530 3321 1595; x_wconf 84' lang='lat' dir='ltr'><strong><em>Quia</em></strong></span> <span class='ocrx_word' id='word_1_213' title='bbox 3351 1531 3492 1583; x_wconf 88' lang='lat' dir='ltr'><strong><em>enim</em></strong></span> 
     </span>
    </p>
   </div>
   <div class='ocr_carea' id='block_1_30' title="bbox 1957 1619 3495 1692">
    <p class='ocr_par' dir='ltr' id='par_1_30' title="bbox 1957 1619 3495 1692">
     <span class='ocr_line' id='line_1_30' title="bbox 1957 1619 3495 1692; baseline 0.001 -20"><span class='ocrx_word' id='word_1_214' title='bbox 1957 1619 2010 1672; x_wconf 88' lang='lat' dir='ltr'><strong><em>in</em></strong></span> <span class='ocrx_word' id='word_1_215' title='bbox 2047 1620 2215 1672; x_wconf 89' lang='lat' dir='ltr'><strong><em>multa</em></strong></span> <span class='ocrx_word' id='word_1_216' title='bbox 2239 1619 2475 1686; x_wconf 88' lang='lat' dir='ltr'><strong><em>licentia,</em></strong></span> <span class='ocrx_word' id='word_1_217' title='bbox 2525 1621 2772 1674; x_wconf 84' lang='lat' dir='ltr'><strong><em>libertate</em></strong></span> <span class='ocrx_word' id='word_1_218' title='bbox 2811 1630 2864 1676; x_wconf 90' lang='lat' dir='ltr'><strong><em>et</em></strong></span> <span class='ocrx_word' id='word_1_219' title='bbox 2904 1621 3107 1674; x_wconf 82' lang='lat' dir='ltr'><strong><em>honore</em></strong></span> <span class='ocrx_word' id='word_1_220' title='bbox 3141 1622 3279 1692; x_wconf 82' lang='lat' dir='ltr'><strong><em>apud</em></strong></span> <span class='ocrx_word' id='word_1_221' title='bbox 3332 1621 3495 1690; x_wconf 62' lang='grc' dir='ltr'><strong><em>Λέω-</em></strong></span> 
     </span>
    </p>
   </div>
   <div class='ocr_carea' id='block_1_31' title="bbox 1956 1709 3494 1782">
    <p class='ocr_par' dir='ltr' id='par_1_31' title="bbox 1956 1709 3494 1782">
     <span class='ocr_line' id='line_1_31' title="bbox 1956 1709 3494 1782; baseline 0.001 -19"><span class='ocrx_word' id='word_1_222' title='bbox 1956 1711 2095 1780; x_wconf 87' lang='lat' dir='ltr'><strong><em>ptios</em></strong></span> <span class='ocrx_word' id='word_1_223' title='bbox 2127 1709 2360 1773; x_wconf 81' lang='lat' dir='ltr'><strong><em>fuerant,</em></strong></span> <span class='ocrx_word' id='word_1_224' title='bbox 2391 1711 2447 1763; x_wconf 91' lang='lat' dir='ltr'><strong><em>in</em></strong></span> <span class='ocrx_word' id='word_1_225' title='bbox 2487 1711 2810 1766; x_wconf 84' lang='lat' dir='ltr'><strong><em>oblivionem</em></strong></span> <span class='ocrx_word' id='word_1_226' title='bbox 2867 1710 2960 1767; x_wconf 84' lang='lat' dir='ltr'><strong><em>Dei</em></strong></span> <span class='ocrx_word' id='word_1_227' title='bbox 3005 1713 3164 1782; x_wconf 85' lang='lat' dir='ltr'><strong><em>patrii</em></strong></span> <span class='ocrx_word' id='word_1_228' title='bbox 3214 1712 3297 1765; x_wconf 89' lang='lat' dir='ltr'><strong><em>sui</em></strong></span> <span class='ocrx_word' id='word_1_229' title='bbox 3334 1727 3494 1766; x_wconf 82' lang='lat' dir='ltr'><strong><em>vene-</em></strong></span> 
     </span>
    </p>
   </div>
   <div class='ocr_carea' id='block_1_32' title="bbox 1956 1800 3496 1871">
    <p class='ocr_par' dir='ltr' id='par_1_32' title="bbox 1956 1800 3496 1871">
     <span class='ocr_line' id='line_1_32' title="bbox 1956 1800 3496 1871; baseline 0.002 -18"><span class='ocrx_word' id='word_1_230' title='bbox 1956 1808 2103 1867; x_wconf 85' lang='lat' dir='ltr'><strong><em>runt,</em></strong></span> <span class='ocrx_word' id='word_1_231' title='bbox 2123 1815 2186 1855; x_wconf 90' lang='lat' dir='ltr'><strong><em>ac</em></strong></span> <span class='ocrx_word' id='word_1_232' title='bbox 2212 1815 2328 1856; x_wconf 82' lang='lat' dir='ltr'><strong><em>sese</em></strong></span> <span class='ocrx_word' id='word_1_233' title='bbox 2359 1802 2529 1856; x_wconf 90' lang='lat' dir='ltr'><strong><em>cultui</em></strong></span> <span class='ocrx_word' id='word_1_234' title='bbox 2563 1801 2938 1871; x_wconf 68' lang='lat' dir='ltr'><strong><em>Egyptiorum</em></strong></span> <span class='ocrx_word' id='word_1_235' title='bbox 2987 1800 3250 1856; x_wconf 84' lang='lat' dir='ltr'><strong><em>idolorum</em></strong></span> <span class='ocrx_word' id='word_1_236' title='bbox 3280 1802 3496 1856; x_wconf 79' lang='lat' dir='ltr'><strong><em>dedide-</em></strong></span> 
     </span>
    </p>
   </div>
   <div class='ocr_carea' id='block_1_33' title="bbox 1956 1892 3496 1962">
    <p class='ocr_par' dir='ltr' id='par_1_33' title="bbox 1956 1892 3496 1962">
     <span class='ocr_line' id='line_1_33' title="bbox 1956 1892 3496 1962; baseline 0.001 -16"><span class='ocrx_word' id='word_1_237' title='bbox 1956 1902 2100 1946; x_wconf 90' lang='lat' dir='ltr'><strong><em>runt.</em></strong></span> <span class='ocrx_word' id='word_1_238' title='bbox 2129 1893 2484 1956; x_wconf 80' lang='lat' dir='ltr'><strong><em>Quamobrem</em></strong></span> <span class='ocrx_word' id='word_1_239' title='bbox 2513 1894 2634 1962; x_wconf 81' lang='lat' dir='ltr'><strong><em>jure</em></strong></span> <span class='ocrx_word' id='word_1_240' title='bbox 2660 1892 3230 1962; x_wconf 64' lang='lat' dir='ltr'><strong><em>Egyptios&#39;adversus</em></strong></span> <span class='ocrx_word' id='word_1_241' title='bbox 3263 1895 3381 1949; x_wconf 91' lang='lat' dir='ltr'><strong><em>illos</em></strong></span> <span class='ocrx_word' id='word_1_242' title='bbox 3404 1909 3496 1948; x_wconf 82' lang='lat' dir='ltr'><strong><em>ex-</em></strong></span> 
     </span>
    </p>
   </div>
   <div class='ocr_carea' id='block_1_34' title="bbox 309 1972 2014 2054">
    <p class='ocr_par' dir='ltr' id='par_1_34' title="bbox 309 1972 2014 2053">
     <span class='ocr_line' id='line_1_34' title="bbox 309 1972 2014 2053; baseline 0 -19"><span class='ocrx_word' id='word_1_243' title='bbox 309 1982 478 2046; x_wconf 85' lang='grc' dir='ltr'>καίως</span> <span class='ocrx_word' id='word_1_244' title='bbox 509 1983 739 2053; x_wconf 75' lang='grc' dir='ltr'>ἔπραξεν</span> <span class='ocrx_word' id='word_1_245' title='bbox 770 1983 798 2034; x_wconf 86' lang='grc' dir='ltr'><strong>ὁ</strong></span> <span class='ocrx_word' id='word_1_246' title='bbox 834 1982 984 2044; x_wconf 87' lang='grc' dir='ltr'>Θεός.</span> <span class='ocrx_word' id='word_1_247' title='bbox 1029 1981 1238 2051; x_wconf 82' lang='grc' dir='ltr'>Ἐπειδὴ</span> <span class='ocrx_word' id='word_1_248' title='bbox 1270 1982 1396 2052; x_wconf 83' lang='grc' dir='ltr'>γὰρ,</span> <span class='ocrx_word' id='word_1_249' title='bbox 1426 1983 1483 2034; x_wconf 77' lang='grc' dir='ltr'>ἐν</span> <span class='ocrx_word' id='word_1_250' title='bbox 1511 1982 1674 2051; x_wconf 81' lang='grc' dir='ltr'>πολλῇ</span> <span class='ocrx_word' id='word_1_251' title='bbox 1705 1972 1926 2050; x_wconf 75' lang='grc' dir='ltr'>γεγο-’Β</span> <span class='ocrx_word' id='word_1_252' title='bbox 1953 1983 2014 2036; x_wconf 86' lang='lat' dir='ltr'><strong><em>cil</em></strong></span> 
     </span>
    </p>
   </div>
   <div class='ocr_carea' id='block_1_35' title="bbox 1785 1972 3490 2054">
    <p class='ocr_par' dir='ltr' id='par_1_35' title="bbox 1785 1972 3490 2054">
     <span class='ocr_line' id='line_1_35' title="bbox 1785 1972 3490 2054; baseline 0.002 -19"><span class='ocrx_word' id='word_1_253' title='bbox 1785 1972 1926 2049; x_wconf 75' lang='lat' dir='ltr'><strong><em>ro-‘B</em></strong></span> <span class='ocrx_word' id='word_1_254' title='bbox 1953 1983 2156 2046; x_wconf 83' lang='lat' dir='ltr'><strong><em>citavit,</em></strong></span> <span class='ocrx_word' id='word_1_255' title='bbox 2183 1983 2308 2050; x_wconf 89' lang='lat' dir='ltr'><strong><em>quia</em></strong></span> <span class='ocrx_word' id='word_1_256' title='bbox 2352 1983 2453 2037; x_wconf 86' lang='lat' dir='ltr'><strong><em>sibi</em></strong></span> <span class='ocrx_word' id='word_1_257' title='bbox 2505 1983 2635 2052; x_wconf 88' lang='lat' dir='ltr'><strong><em>ipsis</em></strong></span> <span class='ocrx_word' id='word_1_258' title='bbox 2665 1983 2888 2039; x_wconf 82' lang='lat' dir='ltr'><strong><em>ﬁdentes</em></strong></span> <span class='ocrx_word' id='word_1_259' title='bbox 2920 1985 3085 2037; x_wconf 90' lang='lat' dir='ltr'><strong><em>Deum</em></strong></span> <span class='ocrx_word' id='word_1_260' title='bbox 3115 1985 3490 2054; x_wconf 81' lang='lat' dir='ltr'><strong><em>neglexerant;</em></strong></span> 
     </span>
    </p>
   </div>
   <div class='ocr_carea' id='block_1_36' title="bbox 307 2070 1852 2142">
    <p class='ocr_par' dir='ltr' id='par_1_36' title="bbox 307 2070 1852 2142">
     <span class='ocr_line' id='line_1_36' title="bbox 307 2070 1852 2142; baseline 0 -18"><span class='ocrx_word' id='word_1_261' title='bbox 307 2072 456 2136; x_wconf 89' lang='grc' dir='ltr'>νότες</span> <span class='ocrx_word' id='word_1_262' title='bbox 487 2075 665 2126; x_wconf 84' lang='grc' dir='ltr'><strong><em>ἀνέσει</em></strong></span> <span class='ocrx_word' id='word_1_263' title='bbox 699 2072 788 2126; x_wconf 77' lang='grc' dir='ltr'>καὶ</span> <span class='ocrx_word' id='word_1_264' title='bbox 836 2072 1112 2142; x_wconf 73' lang='grc' dir='ltr'><strong><em>ἐλευθερίᾳ</em></strong></span> <span class='ocrx_word' id='word_1_265' title='bbox 1153 2073 1243 2124; x_wconf 81' lang='grc' dir='ltr'>καὶ</span> <span class='ocrx_word' id='word_1_266' title='bbox 1275 2074 1403 2141; x_wconf 80' lang='grc' dir='ltr'>τιμῇ</span> <span class='ocrx_word' id='word_1_267' title='bbox 1437 2070 1586 2141; x_wconf 83' lang='grc' dir='ltr'>παρὰ</span> <span class='ocrx_word' id='word_1_268' title='bbox 1626 2074 1734 2134; x_wconf 86' lang='grc' dir='ltr'>τοῖς</span> <span class='ocrx_word' id='word_1_269' title='bbox 1762 2075 1852 2124; x_wconf 76' lang='grc' dir='ltr'><strong><em>Αί-</em></strong></span> 
     </span>
    </p>
   </div>
   <div class='ocr_carea' id='block_1_37' title="bbox 307 2157 1845 2232">
    <p class='ocr_par' dir='ltr' id='par_1_37' title="bbox 307 2157 1845 2232">
     <span class='ocr_line' id='line_1_37' title="bbox 307 2157 1845 2232; baseline 0.001 -20"><span class='ocrx_word' id='word_1_270' title='bbox 307 2162 570 2228; x_wconf 80' lang='grc' dir='ltr'>γυπτίοις,</span> <span class='ocrx_word' id='word_1_271' title='bbox 608 2165 685 2224; x_wconf 92' lang='grc' dir='ltr'><strong><em>είς</em></strong></span> <span class='ocrx_word' id='word_1_272' title='bbox 716 2161 879 2232; x_wconf 83' lang='grc' dir='ltr'>λήθην</span> <span class='ocrx_word' id='word_1_273' title='bbox 906 2157 1064 2230; x_wconf 76' lang='grc' dir='ltr'>ἦλθον</span> <span class='ocrx_word' id='word_1_274' title='bbox 1084 2160 1176 2212; x_wconf 92' lang='grc' dir='ltr'><strong><em>τοῦ</em></strong></span> <span class='ocrx_word' id='word_1_275' title='bbox 1208 2161 1455 2232; x_wconf 80' lang='grc' dir='ltr'><strong><em>πατρῴου</em></strong></span> <span class='ocrx_word' id='word_1_276' title='bbox 1480 2161 1634 2224; x_wconf 83' lang='grc' dir='ltr'>Θεοῦ,</span> <span class='ocrx_word' id='word_1_277' title='bbox 1659 2162 1845 2227; x_wconf 64' lang='grc' dir='ltr'><strong><em>ἐξέδω-</em></strong></span> 
     </span>
    </p>
   </div>
   <div class='ocr_carea' id='block_1_38' title="bbox 307 2251 1843 2323">
    <p class='ocr_par' dir='ltr' id='par_1_38' title="bbox 307 2251 1843 2323">
     <span class='ocr_line' id='line_1_38' title="bbox 307 2251 1843 2323; baseline 0.001 -21"><span class='ocrx_word' id='word_1_278' title='bbox 307 2267 408 2303; x_wconf 83' lang='grc' dir='ltr'><strong><em>καν</em></strong></span> <span class='ocrx_word' id='word_1_279' title='bbox 436 2253 492 2304; x_wconf 80' lang='grc' dir='ltr'>δὲ</span> <span class='ocrx_word' id='word_1_280' title='bbox 517 2253 738 2315; x_wconf 70' lang='grc' dir='ltr'>ἑαυτοὺς</span> <span class='ocrx_word' id='word_1_281' title='bbox 763 2255 878 2314; x_wconf 80' lang='grc' dir='ltr'>ταῖς</span> <span class='ocrx_word' id='word_1_282' title='bbox 904 2252 1010 2302; x_wconf 86' lang='grc' dir='ltr'>τῶν</span> <span class='ocrx_word' id='word_1_283' title='bbox 1041 2253 1344 2317; x_wconf 71' lang='grc' dir='ltr'><strong><em>Αἰγυπτίων</em></strong></span> <span class='ocrx_word' id='word_1_284' title='bbox 1366 2251 1843 2323; x_wconf 80' lang='grc' dir='ltr'>είδωλολατρείαις·</span> 
     </span>
    </p>
   </div>
   <div class='ocr_carea' id='block_1_39' title="bbox 306 2337 1846 2411">
    <p class='ocr_par' dir='ltr' id='par_1_39' title="bbox 306 2337 1846 2411">
     <span class='ocr_line' id='line_1_39' title="bbox 306 2337 1846 2411; baseline 0.002 -21"><span class='ocrx_word' id='word_1_285' title='bbox 306 2337 394 2391; x_wconf 82' lang='grc' dir='ltr'>διὰ</span> <span class='ocrx_word' id='word_1_286' title='bbox 441 2339 596 2393; x_wconf 90' lang='grc' dir='ltr'>τοῦτο</span> <span class='ocrx_word' id='word_1_287' title='bbox 643 2341 861 2405; x_wconf 79' lang='grc' dir='ltr'><strong><em>δικαίως</em></strong></span> <span class='ocrx_word' id='word_1_288' title='bbox 914 2343 1095 2404; x_wconf 78' lang='grc' dir='ltr'>αὐτοῖς</span> <span class='ocrx_word' id='word_1_289' title='bbox 1153 2341 1479 2411; x_wconf 78' lang='grc' dir='ltr'>ὲπανέστησε</span> <span class='ocrx_word' id='word_1_290' title='bbox 1532 2343 1655 2403; x_wconf 86' lang='grc' dir='ltr'>τοὺς</span> <span class='ocrx_word' id='word_1_291' title='bbox 1685 2344 1846 2409; x_wconf 77' lang='grc' dir='ltr'>Λίγυ-</span> 
     </span>
    </p>
   </div>
   <div class='ocr_carea' id='block_1_40' title="bbox 1955 2073 3496 2146">
    <p class='ocr_par' dir='ltr' id='par_1_40' title="bbox 1955 2073 3496 2146">
     <span class='ocr_line' id='line_1_40' title="bbox 1955 2073 3496 2146; baseline 0.004 -21"><span class='ocrx_word' id='word_1_292' title='bbox 1955 2081 2013 2125; x_wconf 84' lang='grc' dir='ltr'><strong><em>υι</em></strong></span> <span class='ocrx_word' id='word_1_293' title='bbox 2041 2073 2110 2127; x_wconf 91' lang='lat' dir='ltr'><strong><em>ab</em></strong></span> <span class='ocrx_word' id='word_1_294' title='bbox 2155 2074 2222 2128; x_wconf 89' lang='lat' dir='ltr'><strong><em>iis</em></strong></span> <span class='ocrx_word' id='word_1_295' title='bbox 2267 2073 2469 2137; x_wconf 82' lang='lat' dir='ltr'><strong><em>amicti,</em></strong></span> <span class='ocrx_word' id='word_1_296' title='bbox 2515 2075 2849 2137; x_wconf 80' lang='lat' dir='ltr'><strong><em>ediscerent,</em></strong></span> <span class='ocrx_word' id='word_1_297' title='bbox 2899 2091 3070 2144; x_wconf 89' lang='lat' dir='ltr'><strong><em>neque</em></strong></span> <span class='ocrx_word' id='word_1_298' title='bbox 3126 2077 3279 2145; x_wconf 90' lang='lat' dir='ltr'><strong><em>ipsis,</em></strong></span> <span class='ocrx_word' id='word_1_299' title='bbox 3324 2092 3496 2146; x_wconf 86' lang='lat' dir='ltr'><strong><em>neque</em></strong></span> 
     </span>
    </p>
   </div>
   <div class='ocr_carea' id='block_1_41' title="bbox 1954 2163 3489 2234">
    <p class='ocr_par' dir='ltr' id='par_1_41' title="bbox 1954 2163 3489 2234">
     <span class='ocr_line' id='line_1_41' title="bbox 1954 2163 3489 2234; baseline 0.006 -22"><span class='ocrx_word' id='word_1_300' title='bbox 1954 2163 2242 2217; x_wconf 88' lang='lat' dir='ltr'><strong><em>multorum</em></strong></span> <span class='ocrx_word' id='word_1_301' title='bbox 2272 2164 2552 2217; x_wconf 88' lang='lat' dir='ltr'><strong><em>numinum</em></strong></span> <span class='ocrx_word' id='word_1_302' title='bbox 2596 2165 2967 2234; x_wconf 90' lang='lat' dir='ltr'><strong><em>superstitioni</em></strong></span> <span class='ocrx_word' id='word_1_303' title='bbox 3000 2165 3306 2220; x_wconf 58' lang='lat' dir='ltr'><strong><em>haerendum</em></strong></span> <span class='ocrx_word' id='word_1_304' title='bbox 3335 2183 3489 2234; x_wconf 85' lang='lat' dir='ltr'><strong><em>esse;</em></strong></span> 
     </span>
    </p>
   </div>
   <div class='ocr_carea' id='block_1_42' title="bbox 1950 2253 3496 2323">
    <p class='ocr_par' dir='ltr' id='par_1_42' title="bbox 1950 2253 3496 2323">
     <span class='ocr_line' id='line_1_42' title="bbox 1950 2253 3496 2323; baseline 0.005 -20"><span class='ocrx_word' id='word_1_305' title='bbox 1950 2261 2109 2321; x_wconf 82' lang='lat' dir='ltr'><strong><em>atque</em></strong></span> <span class='ocrx_word' id='word_1_306' title='bbox 2161 2255 2226 2307; x_wconf 90' lang='lat' dir='ltr'><strong><em>ad</em></strong></span> <span class='ocrx_word' id='word_1_307' title='bbox 2283 2253 2449 2309; x_wconf 90' lang='lat' dir='ltr'><strong><em>Deum</em></strong></span> <span class='ocrx_word' id='word_1_308' title='bbox 2511 2265 2720 2323; x_wconf 88' lang='lat' dir='ltr'><strong><em>patrum</em></strong></span> <span class='ocrx_word' id='word_1_309' title='bbox 2781 2271 3001 2310; x_wconf 91' lang='lat' dir='ltr'><strong><em>suorum</em></strong></span> <span class='ocrx_word' id='word_1_310' title='bbox 3047 2271 3165 2311; x_wconf 88' lang='lat' dir='ltr'><strong><em>sese</em></strong></span> <span class='ocrx_word' id='word_1_311' title='bbox 3217 2265 3496 2311; x_wconf 80' lang='lat' dir='ltr'><strong><em>converte-</em></strong></span> 
     </span>
    </p>
   </div>
   <div class='ocr_carea' id='block_1_43' title="bbox 1948 2349 2067 2395">
    <p class='ocr_par' dir='ltr' id='par_1_43' title="bbox 1948 2349 2067 2395">
     <span class='ocr_line' id='line_1_43' title="bbox 1948 2349 2067 2395; baseline 0 -1"><span class='ocrx_word' id='word_1_312' title='bbox 1948 2349 2067 2395; x_wconf 87' lang='lat' dir='ltr'><strong><em>rent</em></strong></span> 
     </span>
    </p>
   </div>
   <div class='ocr_carea' id='block_1_44' title="bbox 309 2430 3493 2506">
    <p class='ocr_par' dir='ltr' id='par_1_44' title="bbox 309 2430 3493 2506">
     <span class='ocr_line' id='line_1_44' title="bbox 309 2430 3493 2506; baseline 0.002 -25"><span class='ocrx_word' id='word_1_313' title='bbox 309 2431 513 2494; x_wconf 82' lang='grc' dir='ltr'>πτίους,</span> <span class='ocrx_word' id='word_1_314' title='bbox 573 2431 756 2501; x_wconf 78' lang='grc' dir='ltr'>ἐπειδὴ</span> <span class='ocrx_word' id='word_1_315' title='bbox 805 2432 1114 2493; x_wconf 81' lang='grc' dir='ltr'><strong><em>πεποιθότες</em></strong></span> <span class='ocrx_word' id='word_1_316' title='bbox 1161 2433 1367 2494; x_wconf 78' lang='grc' dir='ltr'><strong><em>ἑαυτοῖς</em></strong></span> <span class='ocrx_word' id='word_1_317' title='bbox 1419 2430 1871 2501; x_wconf 84' lang='grc' dir='ltr'>κατωλιγώρησαν</span> <span class='ocrx_word' id='word_1_318' title='bbox 1933 2433 2024 2484; x_wconf 86' lang='grc' dir='ltr'><strong><em>τοῦ</em></strong></span> <span class='ocrx_word' id='word_1_319' title='bbox 2084 2432 2238 2496; x_wconf 88' lang='grc' dir='ltr'>Θεοῦ,</span> <span class='ocrx_word' id='word_1_320' title='bbox 2285 2435 2430 2498; x_wconf 82' lang='grc' dir='ltr'>ὅπως</span> <span class='ocrx_word' id='word_1_321' title='bbox 2478 2434 2742 2498; x_wconf 77' lang='grc' dir='ltr'>θλιὸἐντες</span> <span class='ocrx_word' id='word_1_322' title='bbox 2786 2440 2874 2488; x_wconf 81' lang='grc' dir='ltr'><strong><em>ὑπ’</em></strong></span> <span class='ocrx_word' id='word_1_323' title='bbox 2922 2437 3096 2489; x_wconf 80' lang='grc' dir='ltr'>αὐτῶν</span> <span class='ocrx_word' id='word_1_324' title='bbox 3145 2436 3349 2506; x_wconf 83' lang='grc' dir='ltr'>μάθωσι</span> <span class='ocrx_word' id='word_1_325' title='bbox 3397 2437 3493 2506; x_wconf 82' lang='grc' dir='ltr'><strong><em>μὲν</em></strong></span> 
     </span>
    </p>
   </div>
   <div class='ocr_carea' id='block_1_45' title="bbox 309 2519 3491 2593">
    <p class='ocr_par' dir='ltr' id='par_1_45' title="bbox 309 2519 3491 2593">
     <span class='ocr_line' id='line_1_45' title="bbox 309 2519 3491 2593; baseline 0.003 -21"><span class='ocrx_word' id='word_1_326' title='bbox 309 2521 383 2590; x_wconf 79' lang='grc' dir='ltr'><strong><em>μὴ</em></strong></span> <span class='ocrx_word' id='word_1_327' title='bbox 417 2521 695 2592; x_wconf 83' lang='grc' dir='ltr'>προσέχειν</span> <span class='ocrx_word' id='word_1_328' title='bbox 728 2522 970 2585; x_wconf 74' lang='grc' dir='ltr'>ἐκείνοις,</span> <span class='ocrx_word' id='word_1_329' title='bbox 1000 2522 1130 2591; x_wconf 86' lang='grc' dir='ltr'>μηδὲ</span> <span class='ocrx_word' id='word_1_330' title='bbox 1168 2524 1231 2590; x_wconf 77' lang='grc' dir='ltr'>τῇ</span> <span class='ocrx_word' id='word_1_331' title='bbox 1268 2519 1506 2586; x_wconf 83' lang='grc' dir='ltr'>πολυθέῳ</span> <span class='ocrx_word' id='word_1_332' title='bbox 1571 2519 1746 2572; x_wconf 72' lang='grc' dir='ltr'>αὐτῶν</span> <span class='ocrx_word' id='word_1_333' title='bbox 1782 2521 2179 2593; x_wconf 74' lang='grc' dir='ltr'>δεισιδαιμονία,</span> <span class='ocrx_word' id='word_1_334' title='bbox 2217 2524 2579 2592; x_wconf 77' lang='grc' dir='ltr'>ὲπιστρέψωσι</span> <span class='ocrx_word' id='word_1_335' title='bbox 2619 2525 2674 2576; x_wconf 83' lang='grc' dir='ltr'>δὲ</span> <span class='ocrx_word' id='word_1_336' title='bbox 2717 2525 2810 2577; x_wconf 70' lang='grc' dir='ltr'><strong><em>ἐπὶ</em></strong></span> <span class='ocrx_word' id='word_1_337' title='bbox 2865 2526 2954 2578; x_wconf 83' lang='grc' dir='ltr'>τὸν</span> <span class='ocrx_word' id='word_1_338' title='bbox 3004 2526 3133 2580; x_wconf 82' lang='grc' dir='ltr'>Θεὸν</span> <span class='ocrx_word' id='word_1_339' title='bbox 3187 2527 3293 2580; x_wconf 84' lang='grc' dir='ltr'><strong><em>τῶν</em></strong></span> <span class='ocrx_word' id='word_1_340' title='bbox 3342 2527 3491 2580; x_wconf 81' lang='grc' dir='ltr'>πατέ-</span> 
     </span>
    </p>
   </div>
   <div class='ocr_carea' id='block_1_46' title="bbox 309 2612 636 2680">
    <p class='ocr_par' dir='ltr' id='par_1_46' title="bbox 309 2612 636 2680">
     <span class='ocr_line' id='line_1_46' title="bbox 309 2612 636 2680; baseline 0.003 -17"><span class='ocrx_word' id='word_1_341' title='bbox 309 2625 416 2680; x_wconf 87' lang='grc' dir='ltr'><strong><em>ρων</em></strong></span> <span class='ocrx_word' id='word_1_342' title='bbox 443 2612 636 2665; x_wconf 81' lang='grc' dir='ltr'>αὐτῶν.</span> 
     </span>
    </p>
   </div>
   <div class='ocr_carea' id='block_1_47' title="bbox 377 2727 1842 2798">
    <p class='ocr_par' dir='ltr' id='par_1_47' title="bbox 377 2727 1842 2798">
     <span class='ocr_line' id='line_1_47' title="bbox 377 2727 1842 2798; baseline -0.001 -15"><span class='ocrx_word' id='word_1_343' title='bbox 377 2728 484 2784; x_wconf 83' lang='lat' dir='ltr'><strong><em>Kal</em></strong></span> <span class='ocrx_word' id='word_1_344' title='bbox 514 2727 800 2796; x_wconf 70' lang='grc' dir='ltr'>ἐξήγαγεν</span> <span class='ocrx_word' id='word_1_345' title='bbox 825 2730 1040 2794; x_wconf 86' lang='grc' dir='ltr'>αὐτοὺς</span> <span class='ocrx_word' id='word_1_346' title='bbox 1077 2729 1146 2780; x_wconf 86' lang='grc' dir='ltr'><strong><em>ὲν</em></strong></span> <span class='ocrx_word' id='word_1_347' title='bbox 1181 2729 1436 2795; x_wconf 79' lang='grc' dir='ltr'>ἀργυρίῳ</span> <span class='ocrx_word' id='word_1_348' title='bbox 1474 2729 1571 2781; x_wconf 79' lang='grc' dir='ltr'>καὶ</span> <span class='ocrx_word' id='word_1_349' title='bbox 1595 2730 1842 2798; x_wconf 82' lang='grc' dir='ltr'><strong><em>χρυσίῳ,</em></strong></span> 
     </span>
    </p>
   </div>
   <div class='ocr_carea' id='block_1_48' title="bbox 307 2812 1849 2885">
    <p class='ocr_par' dir='ltr' id='par_1_48' title="bbox 307 2812 1849 2885">
     <span class='ocr_line' id='line_1_48' title="bbox 307 2812 1849 2885; baseline 0.001 -14"><span class='ocrx_word' id='word_1_350' title='bbox 307 2817 405 2872; x_wconf 74' lang='grc' dir='ltr'>καὶ</span> <span class='ocrx_word' id='word_1_351' title='bbox 430 2818 539 2869; x_wconf 85' lang='grc' dir='ltr'>οὐκ</span> <span class='ocrx_word' id='word_1_352' title='bbox 567 2812 644 2885; x_wconf 79' lang='grc' dir='ltr'><strong><em>ἦν</em></strong></span> <span class='ocrx_word' id='word_1_353' title='bbox 663 2816 731 2868; x_wconf 84' lang='grc' dir='ltr'>ἐν</span> <span class='ocrx_word' id='word_1_354' title='bbox 757 2816 885 2880; x_wconf 79' lang='grc' dir='ltr'>ταῖς</span> <span class='ocrx_word' id='word_1_355' title='bbox 915 2816 1129 2884; x_wconf 68' lang='grc' dir='ltr'>φυλαῖς</span> <span class='ocrx_word' id='word_1_356' title='bbox 1149 2817 1340 2870; x_wconf 84' lang='grc' dir='ltr'><strong><em>αὐτῶν</em></strong></span> <span class='ocrx_word' id='word_1_357' title='bbox 1368 2820 1400 2870; x_wconf 85' lang='grc' dir='ltr'><strong><em>ό</em></strong></span> <span class='ocrx_word' id='word_1_358' title='bbox 1427 2817 1710 2870; x_wconf 79' lang='grc' dir='ltr'>ἀσθενῶν.</span> <span class='ocrx_word' id='word_1_359' title='bbox 1736 2821 1849 2872; x_wconf 83' lang='grc' dir='ltr'><strong><em>Εὐ-</em></strong></span> 
     </span>
    </p>
   </div>
   <div class='ocr_carea' id='block_1_49' title="bbox 309 2906 1851 2981">
    <p class='ocr_par' dir='ltr' id='par_1_49' title="bbox 309 2906 1851 2981">
     <span class='ocr_line' id='line_1_49' title="bbox 309 2906 1851 2981; baseline -0.002 -17"><span class='ocrx_word' id='word_1_360' title='bbox 309 2906 538 2981; x_wconf 77' lang='grc' dir='ltr'>φράνθη</span> <span class='ocrx_word' id='word_1_361' title='bbox 564 2907 858 2974; x_wconf 77' lang='grc' dir='ltr'>Αιγυπτος</span> <span class='ocrx_word' id='word_1_362' title='bbox 889 2907 954 2959; x_wconf 82' lang='grc' dir='ltr'><strong><em>ἐν</em></strong></span> <span class='ocrx_word' id='word_1_363' title='bbox 989 2907 1172 2973; x_wconf 81' lang='grc' dir='ltr'><strong><em>ἐξόδῳ</em></strong></span> <span class='ocrx_word' id='word_1_364' title='bbox 1193 2907 1407 2974; x_wconf 85' lang='grc' dir='ltr'>αὐτῶν,</span> <span class='ocrx_word' id='word_1_365' title='bbox 1449 2909 1536 2961; x_wconf 85' lang='grc' dir='ltr'>ὄτι</span> <span class='ocrx_word' id='word_1_366' title='bbox 1559 2909 1851 2962; x_wconf 77' lang='grc' dir='ltr'>ἐπέπεσεν</span> 
     </span>
    </p>
   </div>
   <div class='ocr_carea' id='block_1_50' title="bbox 308 2995 1852 3069">
    <p class='ocr_par' dir='ltr' id='par_1_50' title="bbox 308 2995 1852 3069">
     <span class='ocr_line' id='line_1_50' title="bbox 308 2995 1852 3069; baseline -0.001 -18"><span class='ocrx_word' id='word_1_367' title='bbox 308 3000 342 3051; x_wconf 88' lang='grc' dir='ltr'><strong><em>ό</em></strong></span> <span class='ocrx_word' id='word_1_368' title='bbox 378 2998 559 3065; x_wconf 73' lang='grc' dir='ltr'>φόϐος</span> <span class='ocrx_word' id='word_1_369' title='bbox 587 2995 777 3050; x_wconf 78' lang='grc' dir='ltr'>αὐτῶν</span> <span class='ocrx_word' id='word_1_370' title='bbox 801 2997 889 3048; x_wconf 82' lang='grc' dir='ltr'><strong><em>ἐπ’</em></strong></span> <span class='ocrx_word' id='word_1_371' title='bbox 917 2998 1152 3063; x_wconf 85' lang='grc' dir='ltr'>αὐτούς.</span> <span class='ocrx_word' id='word_1_372' title='bbox 1192 2999 1247 3050; x_wconf 91' lang='lat'><strong>&#39;0</strong></span> <span class='ocrx_word' id='word_1_373' title='bbox 1267 2998 1396 3061; x_wconf 78' lang='grc' dir='ltr'>Θεὸς</span> <span class='ocrx_word' id='word_1_374' title='bbox 1431 2999 1748 3069; x_wconf 83' lang='grc' dir='ltr'>προστάττει</span> <span class='ocrx_word' id='word_1_375' title='bbox 1779 2998 1852 3068; x_wconf 86' lang='grc' dir='ltr'>τῷ</span> 
     </span>
    </p>
   </div>
   <div class='ocr_carea' id='block_1_51' title="bbox 305 3086 1853 3156">
    <p class='ocr_par' dir='ltr' id='par_1_51' title="bbox 305 3086 1853 3156">
     <span class='ocr_line' id='line_1_51' title="bbox 305 3086 1853 3156; baseline 0 -16"><span class='ocrx_word' id='word_1_376' title='bbox 305 3086 418 3156; x_wconf 77' lang='grc' dir='ltr'>λαῷ</span> <span class='ocrx_word' id='word_1_377' title='bbox 448 3086 535 3140; x_wconf 82' lang='grc' dir='ltr'><strong><em>διὰ</em></strong></span> <span class='ocrx_word' id='word_1_378' title='bbox 557 3086 830 3150; x_wconf 81' lang='grc' dir='ltr'>Μωῦσέως</span> <span class='ocrx_word' id='word_1_379' title='bbox 859 3087 1140 3140; x_wconf 86' lang='grc' dir='ltr'>σκυλεῦσαι</span> <span class='ocrx_word' id='word_1_380' title='bbox 1164 3089 1285 3150; x_wconf 85' lang='grc' dir='ltr'>τοὺς</span> <span class='ocrx_word' id='word_1_381' title='bbox 1299 3088 1698 3154; x_wconf 74' lang='grc' dir='ltr'>Αίγυπτίουςὼς</span> <span class='ocrx_word' id='word_1_382' title='bbox 1721 3105 1853 3141; x_wconf 91' lang='grc' dir='ltr'>νενι-</span> 
     </span>
    </p>
   </div>
   <div class='ocr_carea' id='block_1_52' title="bbox 306 3176 1853 3248">
    <p class='ocr_par' dir='ltr' id='par_1_52' title="bbox 306 3176 1853 3248">
     <span class='ocr_line' id='line_1_52' title="bbox 306 3176 1853 3248; baseline -0.001 -18"><span class='ocrx_word' id='word_1_383' title='bbox 306 3177 592 3248; x_wconf 70' lang='grc' dir='ltr'>κημένους,</span> <span class='ocrx_word' id='word_1_384' title='bbox 641 3176 735 3229; x_wconf 71' lang='grc' dir='ltr'>καὶ</span> <span class='ocrx_word' id='word_1_385' title='bbox 765 3177 949 3247; x_wconf 84' lang='grc' dir='ltr'>μισθὸν</span> <span class='ocrx_word' id='word_1_386' title='bbox 982 3178 1109 3246; x_wconf 85' lang='grc' dir='ltr'>παρ’</span> <span class='ocrx_word' id='word_1_387' title='bbox 1137 3177 1312 3231; x_wconf 80' lang='grc' dir='ltr'>αὐτῶν</span> <span class='ocrx_word' id='word_1_388' title='bbox 1334 3177 1718 3246; x_wconf 71' lang='grc' dir='ltr'>εἰσπράξασθαι</span> <span class='ocrx_word' id='word_1_389' title='bbox 1755 3178 1853 3247; x_wconf 81' lang='grc' dir='ltr'>τῆς</span> 
     </span>
    </p>
   </div>
   <div class='ocr_carea' id='block_1_53' title="bbox 313 3262 1847 3346">
    <p class='ocr_par' dir='ltr' id='par_1_53' title="bbox 313 3262 1847 3346">
     <span class='ocr_line' id='line_1_53' title="bbox 313 3262 1847 3346; baseline -0.001 -27"><span class='ocrx_word' id='word_1_390' title='bbox 313 3269 702 3346; x_wconf 72' lang='grc' dir='ltr'>μακροχρονίου</span> <span class='ocrx_word' id='word_1_391' title='bbox 747 3265 1004 3328; x_wconf 85' lang='grc' dir='ltr'>δουλείας,</span> <span class='ocrx_word' id='word_1_392' title='bbox 1046 3262 1113 3337; x_wconf 74' lang='grc' dir='ltr'>ἧς</span> <span class='ocrx_word' id='word_1_393' title='bbox 1153 3267 1344 3328; x_wconf 81' lang='grc' dir='ltr'>αὐτοὺς</span> <span class='ocrx_word' id='word_1_394' title='bbox 1379 3267 1847 3322; x_wconf 82' lang='grc' dir='ltr'>κατεδουλώσαντο.</span> 
     </span>
    </p>
   </div>
   <div class='ocr_carea' id='block_1_54' title="bbox 306 3355 1851 3428">
    <p class='ocr_par' dir='ltr' id='par_1_54' title="bbox 306 3355 1851 3428">
     <span class='ocr_line' id='line_1_54' title="bbox 306 3355 1851 3428; baseline 0.001 -17"><span class='ocrx_word' id='word_1_395' title='bbox 306 3358 422 3412; x_wconf 83' lang='lat' dir='ltr'><strong><em>Kal</em></strong></span> <span class='ocrx_word' id='word_1_396' title='bbox 449 3361 557 3413; x_wconf 84' lang='grc' dir='ltr'>οὐκ</span> <span class='ocrx_word' id='word_1_397' title='bbox 588 3355 666 3428; x_wconf 82' lang='grc' dir='ltr'><strong><em>ἦν</em></strong></span> <span class='ocrx_word' id='word_1_398' title='bbox 709 3357 835 3423; x_wconf 83' lang='grc' dir='ltr'>ταῖς</span> <span class='ocrx_word' id='word_1_399' title='bbox 878 3358 1093 3426; x_wconf 75' lang='grc' dir='ltr'>φυλαῖς</span> <span class='ocrx_word' id='word_1_400' title='bbox 1138 3359 1334 3411; x_wconf 85' lang='grc' dir='ltr'>αὐτῶν</span> <span class='ocrx_word' id='word_1_401' title='bbox 1375 3360 1406 3412; x_wconf 89' lang='grc' dir='ltr'><strong><em>ό</em></strong></span> <span class='ocrx_word' id='word_1_402' title='bbox 1438 3358 1726 3413; x_wconf 81' lang='grc' dir='ltr'><strong><em>ἀσθενῶν.</em></strong></span> <span class='ocrx_word' id='word_1_403' title='bbox 1780 3359 1851 3413; x_wconf 64' lang='lat' dir='ltr'><strong>Ti</strong></span> 
     </span>
    </p>
   </div>
   <div class='ocr_carea' id='block_1_55' title="bbox 306 3445 1851 3521">
    <p class='ocr_par' dir='ltr' id='par_1_55' title="bbox 306 3445 1851 3521">
     <span class='ocr_line' id='line_1_55' title="bbox 306 3445 1851 3521; baseline 0.001 -19"><span class='ocrx_word' id='word_1_404' title='bbox 306 3449 415 3520; x_wconf 80' lang='grc' dir='ltr'><strong><em>γὰρ</em></strong></span> <span class='ocrx_word' id='word_1_405' title='bbox 454 3450 631 3521; x_wconf 91' lang='grc' dir='ltr'>πολλῷ</span> <span class='ocrx_word' id='word_1_406' title='bbox 669 3449 1091 3519; x_wconf 80' lang='grc' dir='ltr'>παραδοξότερον</span> <span class='ocrx_word' id='word_1_407' title='bbox 1140 3449 1294 3502; x_wconf 88' lang='grc' dir='ltr'>τοῦτο</span> <span class='ocrx_word' id='word_1_408' title='bbox 1338 3445 1425 3518; x_wconf 81' lang='grc' dir='ltr'>ἦν,</span> <span class='ocrx_word' id='word_1_409' title='bbox 1463 3452 1544 3503; x_wconf 82' lang='grc' dir='ltr'>ὅτι</span> <span class='ocrx_word' id='word_1_410' title='bbox 1578 3451 1712 3519; x_wconf 85' lang='grc' dir='ltr'>μετὰ</span> <span class='ocrx_word' id='word_1_411' title='bbox 1762 3451 1851 3504; x_wconf 82' lang='grc' dir='ltr'>τὸν</span> 
     </span>
    </p>
   </div>
   <div class='ocr_carea' id='block_1_56' title="bbox 306 3538 1851 3609">
    <p class='ocr_par' dir='ltr' id='par_1_56' title="bbox 306 3538 1851 3609">
     <span class='ocr_line' id='line_1_56' title="bbox 306 3538 1851 3609; baseline 0.001 -19"><span class='ocrx_word' id='word_1_412' title='bbox 306 3538 485 3604; x_wconf 85' lang='grc' dir='ltr'>πόνον,</span> <span class='ocrx_word' id='word_1_413' title='bbox 527 3539 664 3609; x_wconf 84' lang='grc' dir='ltr'>μετὰ</span> <span class='ocrx_word' id='word_1_414' title='bbox 680 3538 775 3608; x_wconf 79' lang='grc' dir='ltr'><strong><em>τὴν</em></strong></span> <span class='ocrx_word' id='word_1_415' title='bbox 805 3538 1094 3600; x_wconf 83' lang='grc' dir='ltr'>πλινθείαν,</span> <span class='ocrx_word' id='word_1_416' title='bbox 1129 3538 1260 3606; x_wconf 85' lang='grc' dir='ltr'>μετὰ</span> <span class='ocrx_word' id='word_1_417' title='bbox 1276 3539 1370 3608; x_wconf 81' lang='grc' dir='ltr'>τὴν</span> <span class='ocrx_word' id='word_1_418' title='bbox 1393 3539 1650 3608; x_wconf 82' lang='grc' dir='ltr'>τοσαύτην</span> <span class='ocrx_word' id='word_1_419' title='bbox 1671 3540 1851 3592; x_wconf 80' lang='grc' dir='ltr'>ταλαι-</span> 
     </span>
    </p>
   </div>
   <div class='ocr_carea' id='block_1_57' title="bbox 306 3623 1850 3696">
    <p class='ocr_par' dir='ltr' id='par_1_57' title="bbox 306 3623 1850 3696">
     <span class='ocr_line' id='line_1_57' title="bbox 306 3623 1850 3696; baseline 0.003 -18"><span class='ocrx_word' id='word_1_420' title='bbox 306 3626 512 3696; x_wconf 83' lang='grc' dir='ltr'>πωρίαν</span> <span class='ocrx_word' id='word_1_421' title='bbox 534 3628 626 3680; x_wconf 79' lang='grc' dir='ltr'>καὶ</span> <span class='ocrx_word' id='word_1_422' title='bbox 653 3627 750 3686; x_wconf 78' lang='grc' dir='ltr'>τὰς</span> <span class='ocrx_word' id='word_1_423' title='bbox 776 3626 1056 3694; x_wconf 84' lang='grc' dir='ltr'>μάστιγας,</span> <span class='ocrx_word' id='word_1_424' title='bbox 1087 3625 1202 3678; x_wconf 79' lang='grc' dir='ltr'>οὐδὲ</span> <span class='ocrx_word' id='word_1_425' title='bbox 1228 3624 1306 3687; x_wconf 81' lang='grc' dir='ltr'><strong><em>είς</em></strong></span> <span class='ocrx_word' id='word_1_426' title='bbox 1334 3623 1399 3696; x_wconf 77' lang='grc' dir='ltr'>ἦν</span> <span class='ocrx_word' id='word_1_427' title='bbox 1427 3627 1454 3677; x_wconf 85' lang='grc' dir='ltr'>ὁ</span> <span class='ocrx_word' id='word_1_428' title='bbox 1483 3627 1740 3689; x_wconf 85' lang='grc' dir='ltr'>ἀσθενῶν,</span> <span class='ocrx_word' id='word_1_429' title='bbox 1759 3631 1850 3682; x_wconf 71' lang='grc' dir='ltr'>καὶ</span> 
     </span>
    </p>
   </div>
   <div class='ocr_carea' id='block_1_58' title="bbox 305 3715 1844 3786">
    <p class='ocr_par' dir='ltr' id='par_1_58' title="bbox 305 3715 1844 3786">
     <span class='ocr_line' id='line_1_58' title="bbox 305 3715 1844 3786; baseline 0.005 -19"><span class='ocrx_word' id='word_1_430' title='bbox 305 3715 463 3768; x_wconf 83' lang='grc' dir='ltr'>τοῦτο</span> <span class='ocrx_word' id='word_1_431' title='bbox 487 3715 748 3769; x_wconf 77' lang='grc' dir='ltr'>τοσούτων</span> <span class='ocrx_word' id='word_1_432' title='bbox 781 3715 999 3785; x_wconf 78' lang='grc' dir='ltr'>πληγῶν</span> <span class='ocrx_word' id='word_1_433' title='bbox 1042 3717 1098 3767; x_wconf 81' lang='grc' dir='ltr'>ἐν</span> <span class='ocrx_word' id='word_1_434' title='bbox 1123 3715 1385 3786; x_wconf 78' lang='grc' dir='ltr'>Αίγύπτῳ</span> <span class='ocrx_word' id='word_1_435' title='bbox 1410 3718 1844 3786; x_wconf 84' lang='grc' dir='ltr'>κατενεχθεισῶν.</span> 
     </span>
    </p>
   </div>
   <div class='ocr_carea' id='block_1_59' title="bbox 305 3805 1851 3882">
    <p class='ocr_par' dir='ltr' id='par_1_59' title="bbox 305 3805 1851 3882">
     <span class='ocr_line' id='line_1_59' title="bbox 305 3805 1851 3882; baseline 0.005 -25"><span class='ocrx_word' id='word_1_436' title='bbox 305 3805 476 3857; x_wconf 82' lang='grc' dir='ltr'>Τοῦτο</span> <span class='ocrx_word' id='word_1_437' title='bbox 504 3806 598 3858; x_wconf 74' lang='grc' dir='ltr'>καὶ</span> <span class='ocrx_word' id='word_1_438' title='bbox 625 3806 722 3877; x_wconf 83' lang='grc' dir='ltr'>τῆς</span> <span class='ocrx_word' id='word_1_439' title='bbox 763 3807 972 3876; x_wconf 82' lang='grc' dir='ltr'>φύσεως</span> <span class='ocrx_word' id='word_1_440' title='bbox 1001 3809 1166 3880; x_wconf 81' lang='grc' dir='ltr'>αὐτῆς</span> <span class='ocrx_word' id='word_1_441' title='bbox 1207 3809 1302 3879; x_wconf 83' lang='grc' dir='ltr'>τὴν</span> <span class='ocrx_word' id='word_1_442' title='bbox 1349 3809 1660 3862; x_wconf 81' lang='grc' dir='ltr'>ἀκολουθίαν</span> <span class='ocrx_word' id='word_1_443' title='bbox 1687 3811 1851 3882; x_wconf 78' lang='grc' dir='ltr'>ὑπερ-</span> 
     </span>
    </p>
   </div>
   <div class='ocr_carea' id='block_1_60' title="bbox 306 3892 537 3948">
    <p class='ocr_par' dir='ltr' id='par_1_60' title="bbox 306 3892 537 3948">
     <span class='ocr_line' id='line_1_60' title="bbox 306 3892 537 3948; baseline 0.013 -3"><span class='ocrx_word' id='word_1_444' title='bbox 306 3892 537 3948; x_wconf 74' lang='grc' dir='ltr'>ἐδαινεν.</span> 
     </span>
    </p>
   </div>
   <div class='ocr_carea' id='block_1_61' title="bbox 375 3983 1845 4059">
    <p class='ocr_par' dir='ltr' id='par_1_61' title="bbox 375 3983 1845 4059">
     <span class='ocr_line' id='line_1_61' title="bbox 375 3983 1845 4059; baseline 0.004 -21"><span class='ocrx_word' id='word_1_445' title='bbox 375 3983 688 4052; x_wconf 70' lang='grc' dir='ltr'>Διεπέτασε</span> <span class='ocrx_word' id='word_1_446' title='bbox 713 3985 972 4054; x_wconf 67' lang='grc' dir='ltr'>νεφέλην</span> <span class='ocrx_word' id='word_1_447' title='bbox 989 3990 1075 4053; x_wconf 81' lang='grc' dir='ltr'><strong><em>είς</em></strong></span> <span class='ocrx_word' id='word_1_448' title='bbox 1100 3988 1333 4056; x_wconf 81' lang='grc' dir='ltr'>σκεπὴν</span> <span class='ocrx_word' id='word_1_449' title='bbox 1359 4005 1578 4056; x_wconf 84' lang='grc' dir='ltr'>αυτοις,</span> <span class='ocrx_word' id='word_1_450' title='bbox 1610 3993 1705 4045; x_wconf 76' lang='grc' dir='ltr'><strong><em>καί</em></strong></span> <span class='ocrx_word' id='word_1_451' title='bbox 1728 3991 1845 4059; x_wconf 83' lang='grc' dir='ltr'><strong><em>πῦρ</em></strong></span> 
     </span>
    </p>
   </div>
   <div class='ocr_carea' id='block_1_62' title="bbox 310 4075 1847 4145">
    <p class='ocr_par' dir='ltr' id='par_1_62' title="bbox 310 4075 1847 4145">
     <span class='ocr_line' id='line_1_62' title="bbox 310 4075 1847 4145; baseline 0.005 -17"><span class='ocrx_word' id='word_1_452' title='bbox 310 4075 410 4129; x_wconf 79' lang='grc' dir='ltr'>τοῦ</span> <span class='ocrx_word' id='word_1_453' title='bbox 441 4077 688 4143; x_wconf 72' lang='grc' dir='ltr'>φωτίσαι</span> <span class='ocrx_word' id='word_1_454' title='bbox 711 4077 910 4142; x_wconf 80' lang='grc' dir='ltr'>αὐτοῖς</span> <span class='ocrx_word' id='word_1_455' title='bbox 940 4079 1053 4145; x_wconf 80' lang='grc' dir='ltr'>τὴν</span> <span class='ocrx_word' id='word_1_456' title='bbox 1071 4081 1276 4131; x_wconf 80' lang='grc' dir='ltr'>νύκτα.</span> <span class='ocrx_word' id='word_1_457' title='bbox 1311 4080 1540 4134; x_wconf 85' lang='grc' dir='ltr'>Διελθὼν</span> <span class='ocrx_word' id='word_1_458' title='bbox 1565 4084 1662 4144; x_wconf 81' lang='grc' dir='ltr'>τὰς</span> <span class='ocrx_word' id='word_1_459' title='bbox 1710 4083 1847 4137; x_wconf 83' lang='grc' dir='ltr'>κατὰ</span> 
     </span>
    </p>
   </div>
   <div class='ocr_carea' id='block_1_63' title="bbox 306 4164 1846 4240">
    <p class='ocr_par' dir='ltr' id='par_1_63' title="bbox 306 4164 1846 4240">
     <span class='ocr_line' id='line_1_63' title="bbox 306 4164 1846 4240; baseline 0.004 -22"><span class='ocrx_word' id='word_1_460' title='bbox 306 4164 407 4218; x_wconf 82' lang='grc' dir='ltr'>τῶν</span> <span class='ocrx_word' id='word_1_461' title='bbox 437 4167 739 4232; x_wconf 81' lang='grc' dir='ltr'>Δίγυπτίων</span> <span class='ocrx_word' id='word_1_462' title='bbox 769 4167 1050 4235; x_wconf 82' lang='grc' dir='ltr'>μάστιγας,</span> <span class='ocrx_word' id='word_1_463' title='bbox 1085 4168 1385 4232; x_wconf 78' lang='grc' dir='ltr'>ἀκολούθως</span> <span class='ocrx_word' id='word_1_464' title='bbox 1413 4171 1720 4240; x_wconf 72' lang='grc' dir='ltr'>μεταϐαίνει</span> <span class='ocrx_word' id='word_1_465' title='bbox 1755 4174 1846 4226; x_wconf 77' lang='grc' dir='ltr'><strong><em>ἐπὶ</em></strong></span> 
     </span>
    </p>
   </div>
   <div class='ocr_carea' id='block_1_64' title="bbox 302 4253 1846 4330">
    <p class='ocr_par' dir='ltr' id='par_1_64' title="bbox 302 4253 1846 4330">
     <span class='ocr_line' id='line_1_64' title="bbox 302 4253 1846 4330; baseline 0.008 -26"><span class='ocrx_word' id='word_1_466' title='bbox 302 4253 404 4314; x_wconf 80' lang='grc' dir='ltr'>τὰς</span> <span class='ocrx_word' id='word_1_467' title='bbox 431 4254 724 4323; x_wconf 82' lang='grc' dir='ltr'>γενομένας</span> <span class='ocrx_word' id='word_1_468' title='bbox 755 4254 830 4324; x_wconf 85' lang='grc' dir='ltr'>τῷ</span> <span class='ocrx_word' id='word_1_469' title='bbox 864 4257 1074 4328; x_wconf 79' lang='grc' dir='ltr'>Ἰσραὴλ</span> <span class='ocrx_word' id='word_1_470' title='bbox 1104 4259 1440 4328; x_wconf 83' lang='grc' dir='ltr'>εὐεργεσίας·</span> <span class='ocrx_word' id='word_1_471' title='bbox 1466 4260 1596 4330; x_wconf 83' lang='grc' dir='ltr'>ὁμοῦ</span> <span class='ocrx_word' id='word_1_472' title='bbox 1626 4263 1721 4330; x_wconf 80' lang='grc' dir='ltr'><strong><em>μὲν</em></strong></span> <span class='ocrx_word' id='word_1_473' title='bbox 1754 4266 1846 4316; x_wconf 81' lang='grc' dir='ltr'>καὶ</span> 
     </span>
    </p>
   </div>
   <div class='ocr_carea' id='block_1_65' title="bbox 305 4343 1845 4419">
    <p class='ocr_par' dir='ltr' id='par_1_65' title="bbox 305 4343 1845 4419">
     <span class='ocr_line' id='line_1_65' title="bbox 305 4343 1845 4419; baseline 0.01 -26"><span class='ocrx_word' id='word_1_474' title='bbox 305 4343 449 4412; x_wconf 75' lang='grc' dir='ltr'><strong><em>ἡμᾶς</em></strong></span> <span class='ocrx_word' id='word_1_475' title='bbox 485 4345 802 4414; x_wconf 73' lang='grc' dir='ltr'>προτρέπων</span> <span class='ocrx_word' id='word_1_476' title='bbox 831 4347 1046 4414; x_wconf 65' lang='grc' dir='ltr'>φεύγειν</span> <span class='ocrx_word' id='word_1_477' title='bbox 1073 4348 1161 4400; x_wconf 76' lang='grc' dir='ltr'>τὸν</span> <span class='ocrx_word' id='word_1_478' title='bbox 1196 4349 1482 4412; x_wconf 82' lang='grc' dir='ltr'>Αίγύπτιον</span> <span class='ocrx_word' id='word_1_479' title='bbox 1508 4352 1721 4416; x_wconf 83' lang='grc' dir='ltr'>τρόπον,</span> <span class='ocrx_word' id='word_1_480' title='bbox 1771 4355 1845 4419; x_wconf 85' lang='grc' dir='ltr'>ὡς</span> 
     </span>
    </p>
   </div>
   <div class='ocr_carea' id='block_1_66' title="bbox 304 4429 1844 4516">
    <p class='ocr_par' dir='ltr' id='par_1_66' title="bbox 304 4429 1844 4516">
     <span class='ocr_line' id='line_1_66' title="bbox 304 4429 1844 4516; baseline 0.01 -35"><span class='ocrx_word' id='word_1_481' title='bbox 304 4429 370 4482; x_wconf 76' lang='grc' dir='ltr'>ἂν</span> <span class='ocrx_word' id='word_1_482' title='bbox 404 4429 482 4516; x_wconf 26' lang='grc' dir='ltr'><strong><em>μὴ.</em></strong></span> <span class='ocrx_word' id='word_1_483' title='bbox 497 4434 606 4494; x_wconf 78' lang='grc' dir='ltr'>τοῖς</span> <span class='ocrx_word' id='word_1_484' title='bbox 637 4433 768 4495; x_wconf 85' lang='grc' dir='ltr'>ίσοις</span> <span class='ocrx_word' id='word_1_485' title='bbox 799 4435 1206 4506; x_wconf 73' lang='grc' dir='ltr'><strong><em>περιπέσωμεν⁶</em></strong></span> <span class='ocrx_word' id='word_1_486' title='bbox 1237 4437 1482 4508; x_wconf 78' lang='grc' dir='ltr'>εὖχεσθαι</span> <span class='ocrx_word' id='word_1_487' title='bbox 1510 4441 1565 4493; x_wconf 84' lang='grc' dir='ltr'>δὲ</span> <span class='ocrx_word' id='word_1_488' title='bbox 1595 4437 1728 4495; x_wconf 75' lang='grc' dir='ltr'>εἶναι</span> <span class='ocrx_word' id='word_1_489' title='bbox 1750 4438 1844 4514; x_wconf 81' lang='grc' dir='ltr'>τῆς</span> 
     </span>
    </p>
   </div>
   <div class='ocr_carea' id='block_1_67' title="bbox 2014 2725 3509 2800">
    <p class='ocr_par' dir='ltr' id='par_1_67' title="bbox 2014 2725 3509 2800">
     <span class='ocr_line' id='line_1_67' title="bbox 2014 2725 3509 2800; baseline 0.005 -22"><span class='ocrx_word' id='word_1_490' title='bbox 2014 2727 2176 2782; x_wconf 75' lang='lat' dir='ltr'><strong><em>Vens.</em></strong></span> <span class='ocrx_word' id='word_1_491' title='bbox 2211 2729 2302 2792; x_wconf 77' lang='lat'><strong><em>37,</em></strong></span> <span class='ocrx_word' id='word_1_492' title='bbox 2330 2727 2416 2783; x_wconf 76' lang='lat'><strong><em>38.</em></strong></span> <span class='ocrx_word' id='word_1_493' title='bbox 2440 2725 2506 2778; x_wconf 87' lang='lat' dir='ltr'><strong><em>Et</em></strong></span> <span class='ocrx_word' id='word_1_494' title='bbox 2529 2725 2740 2779; x_wconf 74' lang='lat' dir='ltr'><strong><em>deduxit</em></strong></span> <span class='ocrx_word' id='word_1_495' title='bbox 2763 2743 2847 2780; x_wconf 89' lang='lat' dir='ltr'><strong><em>eos</em></strong></span> <span class='ocrx_word' id='word_1_496' title='bbox 2868 2743 2982 2780; x_wconf 87' lang='lat' dir='ltr'><strong><em>cum</em></strong></span> <span class='ocrx_word' id='word_1_497' title='bbox 3013 2738 3222 2798; x_wconf 86' lang='lat' dir='ltr'><strong><em>argento</em></strong></span> <span class='ocrx_word' id='word_1_498' title='bbox 3253 2739 3300 2784; x_wconf 88' lang='lat' dir='ltr'><strong><em>et</em></strong></span> <span class='ocrx_word' id='word_1_499' title='bbox 3325 2747 3423 2785; x_wconf 87' lang='lat' dir='ltr'><strong><em>aur</em></strong></span> <span class='ocrx_word' id='word_1_500' title='bbox 3439 2751 3509 2800; x_wconf 76' lang='grc' dir='ltr'><strong><em>ο,</em></strong></span> 
     </span>
    </p>
   </div>
   <div class='ocr_carea' id='block_1_68' title="bbox 1949 2817 3493 2886">
    <p class='ocr_par' dir='ltr' id='par_1_68' title="bbox 1949 2817 3493 2886">
     <span class='ocr_line' id='line_1_68' title="bbox 1949 2817 3493 2886; baseline 0.003 -15"><span class='ocrx_word' id='word_1_501' title='bbox 1949 2830 1996 2872; x_wconf 92' lang='lat' dir='ltr'><strong><em>et</em></strong></span> <span class='ocrx_word' id='word_1_502' title='bbox 2028 2837 2127 2871; x_wconf 92' lang='lat' dir='ltr'><strong><em>non</em></strong></span> <span class='ocrx_word' id='word_1_503' title='bbox 2157 2828 2268 2871; x_wconf 84' lang='lat' dir='ltr'><strong><em>erat</em></strong></span> <span class='ocrx_word' id='word_1_504' title='bbox 2319 2819 2371 2870; x_wconf 85' lang='lat' dir='ltr'><strong><em>in</em></strong></span> <span class='ocrx_word' id='word_1_505' title='bbox 2420 2817 2655 2869; x_wconf 84' lang='lat' dir='ltr'><strong><em>tribubus</em></strong></span> <span class='ocrx_word' id='word_1_506' title='bbox 2684 2833 2860 2870; x_wconf 86' lang='lat' dir='ltr'><strong><em>eorum</em></strong></span> <span class='ocrx_word' id='word_1_507' title='bbox 2890 2819 3148 2886; x_wconf 81' lang='lat' dir='ltr'><strong><em>inﬁrmus.</em></strong></span> <span class='ocrx_word' id='word_1_508' title='bbox 3184 2818 3388 2874; x_wconf 70' lang='lat' dir='ltr'><strong><em>Lartata</em></strong></span> <span class='ocrx_word' id='word_1_509' title='bbox 3416 2834 3493 2877; x_wconf 89' lang='lat' dir='ltr'><strong><em>est</em></strong></span> 
     </span>
    </p>
   </div>
   <div class='ocr_carea' id='block_1_69' title="bbox 1952 2909 3493 2980">
    <p class='ocr_par' dir='ltr' id='par_1_69' title="bbox 1952 2909 3493 2980">
     <span class='ocr_line' id='line_1_69' title="bbox 1952 2909 3493 2980; baseline 0.005 -18"><span class='ocrx_word' id='word_1_510' title='bbox 1952 2909 2209 2980; x_wconf 63' lang='lat' dir='ltr'><strong><em>Egyptus</em></strong></span> <span class='ocrx_word' id='word_1_511' title='bbox 2241 2910 2293 2961; x_wconf 90' lang='lat' dir='ltr'><strong><em>in</em></strong></span> <span class='ocrx_word' id='word_1_512' title='bbox 2342 2909 2655 2977; x_wconf 79' lang='lat' dir='ltr'><strong><em>profectione</em></strong></span> <span class='ocrx_word' id='word_1_513' title='bbox 2685 2925 2883 2973; x_wconf 86' lang='lat' dir='ltr'><strong><em>eorum,</em></strong></span> <span class='ocrx_word' id='word_1_514' title='bbox 2911 2911 3033 2980; x_wconf 82' lang='lat' dir='ltr'><strong><em>quia</em></strong></span> <span class='ocrx_word' id='word_1_515' title='bbox 3077 2911 3311 2966; x_wconf 82' lang='lat' dir='ltr'><strong><em>incubuit</em></strong></span> <span class='ocrx_word' id='word_1_516' title='bbox 3338 2916 3493 2969; x_wconf 88' lang='lat' dir='ltr'><strong><em>timor</em></strong></span> 
     </span>
    </p>
   </div>
   <div class='ocr_carea' id='block_1_70' title="bbox 1953 2998 3489 3072">
    <p class='ocr_par' dir='ltr' id='par_1_70' title="bbox 1953 2998 3489 3072">
     <span class='ocr_line' id='line_1_70' title="bbox 1953 2998 3489 3072; baseline 0.003 -20"><span class='ocrx_word' id='word_1_517' title='bbox 1953 3015 2129 3053; x_wconf 83' lang='lat' dir='ltr'><strong><em>eorum</em></strong></span> <span class='ocrx_word' id='word_1_518' title='bbox 2156 3015 2306 3066; x_wconf 85' lang='lat' dir='ltr'><strong><em>super</em></strong></span> <span class='ocrx_word' id='word_1_519' title='bbox 2335 3015 2439 3053; x_wconf 88' lang='lat' dir='ltr'><strong><em>eos.</em></strong></span> <span class='ocrx_word' id='word_1_520' title='bbox 2473 2998 2614 3053; x_wconf 88' lang='lat' dir='ltr'><strong><em>Deus</em></strong></span> <span class='ocrx_word' id='word_1_521' title='bbox 2635 3015 2728 3068; x_wconf 87' lang='lat' dir='ltr'><strong><em>per</em></strong></span> <span class='ocrx_word' id='word_1_522' title='bbox 2751 2999 2982 3070; x_wconf 78' lang='lat' dir='ltr'><strong><em>Moysem</em></strong></span> <span class='ocrx_word' id='word_1_523' title='bbox 3003 3001 3198 3069; x_wconf 89' lang='lat' dir='ltr'><strong><em>populo</em></strong></span> <span class='ocrx_word' id='word_1_524' title='bbox 3224 3004 3489 3072; x_wconf 66' lang='lat' dir='ltr'><strong><em>praecipit,</em></strong></span> 
     </span>
    </p>
   </div>
   <div class='ocr_carea' id='block_1_71' title="bbox 1960 3090 3492 3160">
    <p class='ocr_par' dir='ltr' id='par_1_71' title="bbox 1960 3090 3492 3160">
     <span class='ocr_line' id='line_1_71' title="bbox 1960 3090 3492 3160; baseline 0.003 -16"><span class='ocrx_word' id='word_1_525' title='bbox 1960 3099 2018 3144; x_wconf 92' lang='lat' dir='ltr'><strong><em>ut</em></strong></span> <span class='ocrx_word' id='word_1_526' title='bbox 2050 3090 2330 3160; x_wconf 68' lang='lat' dir='ltr'><strong><em>Egyptios</em></strong></span> <span class='ocrx_word' id='word_1_527' title='bbox 2348 3098 2603 3160; x_wconf 89' lang='lat' dir='ltr'><strong><em>tanquam</em></strong></span> <span class='ocrx_word' id='word_1_528' title='bbox 2637 3093 2808 3145; x_wconf 77' lang='lat' dir='ltr'><strong><em>victos</em></strong></span> <span class='ocrx_word' id='word_1_529' title='bbox 2843 3091 3090 3160; x_wconf 89' lang='lat' dir='ltr'><strong><em>spolient,</em></strong></span> <span class='ocrx_word' id='word_1_530' title='bbox 3127 3107 3189 3146; x_wconf 87' lang='lat' dir='ltr'><strong><em>ac</em></strong></span> <span class='ocrx_word' id='word_1_531' title='bbox 3222 3092 3492 3148; x_wconf 68' lang='lat' dir='ltr'><strong><em>diuturnae</em></strong></span> 
     </span>
    </p>
   </div>
   <div class='ocr_carea' id='block_1_72' title="bbox 1958 3179 3492 3252">
    <p class='ocr_par' dir='ltr' id='par_1_72' title="bbox 1958 3179 3492 3252">
     <span class='ocr_line' id='line_1_72' title="bbox 1958 3179 3492 3252; baseline 0.003 -19"><span class='ocrx_word' id='word_1_532' title='bbox 1958 3179 2096 3250; x_wconf 88' lang='lat' dir='ltr'><strong><em>apud</em></strong></span> <span class='ocrx_word' id='word_1_533' title='bbox 2131 3180 2249 3234; x_wconf 85' lang='lat' dir='ltr'><strong><em>illos</em></strong></span> <span class='ocrx_word' id='word_1_534' title='bbox 2275 3180 2572 3242; x_wconf 87' lang='lat' dir='ltr'><strong><em>servitutis,</em></strong></span> <span class='ocrx_word' id='word_1_535' title='bbox 2605 3195 2711 3250; x_wconf 86' lang='lat' dir='ltr'><strong><em>qua</em></strong></span> <span class='ocrx_word' id='word_1_536' title='bbox 2758 3181 2881 3234; x_wconf 89' lang='lat' dir='ltr'><strong><em>illos</em></strong></span> <span class='ocrx_word' id='word_1_537' title='bbox 2921 3190 3319 3251; x_wconf 88' lang='lat' dir='ltr'><strong><em>oppresserant,</em></strong></span> <span class='ocrx_word' id='word_1_538' title='bbox 3357 3199 3492 3252; x_wconf 73' lang='lat' dir='ltr'><strong><em>pra:-</em></strong></span> 
     </span>
    </p>
   </div>
   <div class='ocr_carea' id='block_1_73' title="bbox 1956 3269 3490 3339">
    <p class='ocr_par' dir='ltr' id='par_1_73' title="bbox 1956 3269 3490 3339">
     <span class='ocr_line' id='line_1_73' title="bbox 1956 3269 3490 3339; baseline 0.003 -15"><span class='ocrx_word' id='word_1_539' title='bbox 1956 3275 2116 3324; x_wconf 89' lang='lat' dir='ltr'><strong><em>mium</em></strong></span> <span class='ocrx_word' id='word_1_540' title='bbox 2145 3278 2415 3339; x_wconf 81' lang='lat' dir='ltr'><strong><em>expetant.</em></strong></span> <span class='ocrx_word' id='word_1_541' title='bbox 2449 3269 2513 3323; x_wconf 84' lang='lat' dir='ltr'><strong><em>Et</em></strong></span> <span class='ocrx_word' id='word_1_542' title='bbox 2543 3288 2643 3327; x_wconf 91' lang='lat' dir='ltr'><strong><em>non</em></strong></span> <span class='ocrx_word' id='word_1_543' title='bbox 2669 3281 2782 3324; x_wconf 85' lang='lat' dir='ltr'><strong><em>erat</em></strong></span> <span class='ocrx_word' id='word_1_544' title='bbox 2813 3273 2866 3325; x_wconf 91' lang='lat' dir='ltr'><strong><em>in</em></strong></span> <span class='ocrx_word' id='word_1_545' title='bbox 2892 3332 2897 3338; x_wconf 46' lang='grc'><strong><em>,</em></strong></span> <span class='ocrx_word' id='word_1_546' title='bbox 2929 3271 3160 3326; x_wconf 81' lang='lat' dir='ltr'><strong><em>tribubus</em></strong></span> <span class='ocrx_word' id='word_1_547' title='bbox 3201 3290 3377 3327; x_wconf 86' lang='lat' dir='ltr'><strong><em>eorum</em></strong></span> <span class='ocrx_word' id='word_1_548' title='bbox 3407 3276 3490 3328; x_wconf 86' lang='lat' dir='ltr'><strong><em>in-</em></strong></span> 
     </span>
    </p>
   </div>
   <div class='ocr_carea' id='block_1_74' title="bbox 1953 3354 3488 3427">
    <p class='ocr_par' dir='ltr' id='par_1_74' title="bbox 1953 3354 3488 3427">
     <span class='ocr_line' id='line_1_74' title="bbox 1953 3354 3488 3427; baseline 0.002 -17"><span class='ocrx_word' id='word_1_549' title='bbox 1953 3357 2154 3427; x_wconf 70' lang='lat' dir='ltr'><strong><em>ﬁrmus.</em></strong></span> <span class='ocrx_word' id='word_1_550' title='bbox 2171 3354 2433 3425; x_wconf 89' lang='lat' dir='ltr'><strong><em>Quodque</em></strong></span> <span class='ocrx_word' id='word_1_551' title='bbox 2451 3357 2617 3410; x_wconf 91' lang='lat' dir='ltr'><strong><em>multo</em></strong></span> <span class='ocrx_word' id='word_1_552' title='bbox 2644 3355 2942 3411; x_wconf 80' lang='lat' dir='ltr'><strong><em>mirabilius</em></strong></span> <span class='ocrx_word' id='word_1_553' title='bbox 2969 3366 3106 3422; x_wconf 89' lang='lat' dir='ltr'><strong><em>erat,</em></strong></span> <span class='ocrx_word' id='word_1_554' title='bbox 3137 3371 3257 3427; x_wconf 87' lang='lat' dir='ltr'><strong><em>post</em></strong></span> <span class='ocrx_word' id='word_1_555' title='bbox 3281 3367 3488 3413; x_wconf 90' lang='lat' dir='ltr'><strong><em>tantum</em></strong></span> 
     </span>
    </p>
   </div>
   <div class='ocr_carea' id='block_1_75' title="bbox 1951 3448 3485 3516">
    <p class='ocr_par' dir='ltr' id='par_1_75' title="bbox 1951 3448 3485 3516">
     <span class='ocr_line' id='line_1_75' title="bbox 1951 3448 3485 3516; baseline 0 -14"><span class='ocrx_word' id='word_1_556' title='bbox 1951 3449 2212 3509; x_wconf 85' lang='lat' dir='ltr'><strong><em>laborem,</em></strong></span> <span class='ocrx_word' id='word_1_557' title='bbox 2241 3454 2364 3516; x_wconf 91' lang='lat' dir='ltr'><strong><em>post</em></strong></span> <span class='ocrx_word' id='word_1_558' title='bbox 2405 3449 2632 3502; x_wconf 85' lang='lat' dir='ltr'><strong><em>laterum</em></strong></span> <span class='ocrx_word' id='word_1_559' title='bbox 2661 3448 2980 3510; x_wconf 89' lang='lat' dir='ltr'><strong><em>coctionem,</em></strong></span> <span class='ocrx_word' id='word_1_560' title='bbox 3003 3455 3125 3515; x_wconf 89' lang='lat' dir='ltr'><strong><em>post</em></strong></span> <span class='ocrx_word' id='word_1_561' title='bbox 3154 3453 3354 3502; x_wconf 86' lang='lat' dir='ltr'><strong><em>tantam</em></strong></span> <span class='ocrx_word' id='word_1_562' title='bbox 3390 3451 3485 3502; x_wconf 86' lang='lat' dir='ltr'><strong><em>mi-</em></strong></span> 
     </span>
    </p>
   </div>
   <div class='ocr_carea' id='block_1_76' title="bbox 1949 3535 3488 3605">
    <p class='ocr_par' dir='ltr' id='par_1_76' title="bbox 1949 3535 3488 3605">
     <span class='ocr_line' id='line_1_76' title="bbox 1949 3535 3488 3605; baseline 0.001 -13"><span class='ocrx_word' id='word_1_563' title='bbox 1949 3539 2143 3592; x_wconf 86' lang='lat' dir='ltr'><strong><em>seriam</em></strong></span> <span class='ocrx_word' id='word_1_564' title='bbox 2175 3547 2228 3591; x_wconf 86' lang='lat' dir='ltr'><strong><em>et</em></strong></span> <span class='ocrx_word' id='word_1_565' title='bbox 2279 3544 2356 3591; x_wconf 91' lang='lat' dir='ltr'><strong><em>tot</em></strong></span> <span class='ocrx_word' id='word_1_566' title='bbox 2410 3537 2661 3598; x_wconf 85' lang='lat' dir='ltr'><strong><em>verbera,</em></strong></span> <span class='ocrx_word' id='word_1_567' title='bbox 2706 3551 2772 3590; x_wconf 90' lang='lat' dir='ltr'><strong><em>ne</em></strong></span> <span class='ocrx_word' id='word_1_568' title='bbox 2811 3552 2950 3590; x_wconf 87' lang='lat' dir='ltr'><strong><em>unus</em></strong></span> <span class='ocrx_word' id='word_1_569' title='bbox 2983 3535 3198 3605; x_wconf 78' lang='lat' dir='ltr'><strong><em>quidem</em></strong></span> <span class='ocrx_word' id='word_1_570' title='bbox 3241 3537 3488 3593; x_wconf 77' lang='lat' dir='ltr'><strong><em>inﬁrmus</em></strong></span> 
     </span>
    </p>
   </div>
   <div class='ocr_carea' id='block_1_77' title="bbox 1947 3622 3488 3695">
    <p class='ocr_par' dir='ltr' id='par_1_77' title="bbox 1947 3622 3488 3695">
     <span class='ocr_line' id='line_1_77' title="bbox 1947 3622 3488 3695; baseline -0.001 -15"><span class='ocrx_word' id='word_1_571' title='bbox 1947 3633 2091 3691; x_wconf 88' lang='lat' dir='ltr'><strong><em>erat,</em></strong></span> <span class='ocrx_word' id='word_1_572' title='bbox 2111 3625 2270 3694; x_wconf 88' lang='lat' dir='ltr'><strong><em>idque</em></strong></span> <span class='ocrx_word' id='word_1_573' title='bbox 2299 3625 2462 3680; x_wconf 88' lang='lat' dir='ltr'><strong><em>tantis</em></strong></span> <span class='ocrx_word' id='word_1_574' title='bbox 2487 3625 2658 3694; x_wconf 89' lang='lat' dir='ltr'><strong><em>plagis</em></strong></span> <span class='ocrx_word' id='word_1_575' title='bbox 2687 3622 2918 3695; x_wconf 66' lang='lat' dir='ltr'><strong><em>Egypto</em></strong></span> <span class='ocrx_word' id='word_1_576' title='bbox 2937 3624 3117 3679; x_wconf 86' lang='lat' dir='ltr'><strong><em>illatis.</em></strong></span> <span class='ocrx_word' id='word_1_577' title='bbox 3159 3622 3271 3678; x_wconf 81' lang='lat' dir='ltr'><strong><em>Hoc</em></strong></span> <span class='ocrx_word' id='word_1_578' title='bbox 3305 3629 3488 3680; x_wconf 71' lang='lat' dir='ltr'><strong><em>utuiue</em></strong></span> 
     </span>
    </p>
   </div>
   <div class='ocr_carea' id='block_1_78' title="bbox 1947 3711 2808 3770">
    <p class='ocr_par' dir='ltr' id='par_1_78' title="bbox 1947 3711 2808 3770">
     <span class='ocr_line' id='line_1_78' title="bbox 1947 3711 2808 3770; baseline -0.003 -2"><span class='ocrx_word' id='word_1_579' title='bbox 1947 3721 2152 3769; x_wconf 65' lang='lat' dir='ltr'><strong><em>naturae</em></strong></span> <span class='ocrx_word' id='word_1_580' title='bbox 2182 3714 2424 3770; x_wconf 90' lang='lat' dir='ltr'><strong><em>ordinem</em></strong></span> <span class='ocrx_word' id='word_1_581' title='bbox 2458 3711 2808 3769; x_wconf 75' lang='lat' dir='ltr'><strong><em>transcendit.</em></strong></span> 
     </span>
    </p>
   </div>
   <div class='ocr_carea' id='block_1_79' title="bbox 2013 3986 3480 4056">
    <p class='ocr_par' dir='ltr' id='par_1_79' title="bbox 2013 3986 3480 4056">
     <span class='ocr_line' id='line_1_79' title="bbox 2013 3986 3480 4056; baseline -0.001 -14"><span class='ocrx_word' id='word_1_582' title='bbox 2013 3989 2178 4044; x_wconf 78' lang='lat' dir='ltr'><strong><em>Vens.</em></strong></span> <span class='ocrx_word' id='word_1_583' title='bbox 2213 3990 2300 4043; x_wconf 76' lang='lat'><strong><em>39.</em></strong></span> <span class='ocrx_word' id='word_1_584' title='bbox 2355 3986 2622 4056; x_wconf 68' lang='lat' dir='ltr'><strong><em>Expandit</em></strong></span> <span class='ocrx_word' id='word_1_585' title='bbox 2652 3992 2836 4040; x_wconf 79' lang='lat' dir='ltr'><strong><em>nubem</em></strong></span> <span class='ocrx_word' id='word_1_586' title='bbox 2881 4005 2935 4038; x_wconf 71' lang='lat' dir='ltr'><strong><em>in</em></strong></span> <span class='ocrx_word' id='word_1_587' title='bbox 2982 3987 3348 4052; x_wconf 83' lang='lat' dir='ltr'><strong><em>protectionem</em></strong></span> <span class='ocrx_word' id='word_1_588' title='bbox 3391 4003 3480 4040; x_wconf 84' lang='lat' dir='ltr'><strong><em>co-</em></strong></span> 
     </span>
    </p>
   </div>
   <div class='ocr_carea' id='block_1_80' title="bbox 1945 4074 3483 4149">
    <p class='ocr_par' dir='ltr' id='par_1_80' title="bbox 1945 4074 3483 4149">
     <span class='ocr_line' id='line_1_80' title="bbox 1945 4074 3483 4149; baseline -0.001 -15"><span class='ocrx_word' id='word_1_589' title='bbox 1945 4098 2082 4145; x_wconf 87' lang='lat' dir='ltr'><strong><em>rum,</em></strong></span> <span class='ocrx_word' id='word_1_590' title='bbox 2113 4090 2164 4134; x_wconf 87' lang='lat' dir='ltr'><strong><em>et</em></strong></span> <span class='ocrx_word' id='word_1_591' title='bbox 2190 4081 2377 4149; x_wconf 78' lang='lat' dir='ltr'><strong><em>ignem,</em></strong></span> <span class='ocrx_word' id='word_1_592' title='bbox 2409 4087 2465 4147; x_wconf 83' lang='lat' dir='ltr'><strong><em>ut</em></strong></span> <span class='ocrx_word' id='word_1_593' title='bbox 2491 4079 2677 4130; x_wconf 82' lang='lat' dir='ltr'><strong><em>luceret</em></strong></span> <span class='ocrx_word' id='word_1_594' title='bbox 2707 4077 2779 4146; x_wconf 83' lang='lat' dir='ltr'><strong><em>eis</em></strong></span> <span class='ocrx_word' id='word_1_595' title='bbox 2807 4092 2898 4146; x_wconf 88' lang='lat' dir='ltr'><strong><em>per</em></strong></span> <span class='ocrx_word' id='word_1_596' title='bbox 2925 4087 3145 4132; x_wconf 87' lang='lat' dir='ltr'><strong><em>noctem.</em></strong></span> <span class='ocrx_word' id='word_1_597' title='bbox 3181 4074 3483 4133; x_wconf 81' lang='lat' dir='ltr'><strong><em>Receusitis</em></strong></span> 
     </span>
    </p>
   </div>
   <div class='ocr_carea' id='block_1_81' title="bbox 1947 4167 3482 4239">
    <p class='ocr_par' dir='ltr' id='par_1_81' title="bbox 1947 4167 3482 4239">
     <span class='ocr_line' id='line_1_81' title="bbox 1947 4167 3482 4239; baseline 0 -16"><span class='ocrx_word' id='word_1_598' title='bbox 1947 4169 2322 4239; x_wconf 67' lang='lat' dir='ltr'><strong><em>Egyptiorum</em></strong></span> <span class='ocrx_word' id='word_1_599' title='bbox 2353 4168 2547 4238; x_wconf 87' lang='lat' dir='ltr'><strong><em>plagis,</em></strong></span> <span class='ocrx_word' id='word_1_600' title='bbox 2579 4176 2969 4237; x_wconf 88' lang='lat' dir='ltr'><strong><em>consequenter</em></strong></span> <span class='ocrx_word' id='word_1_601' title='bbox 3000 4168 3195 4222; x_wconf 89' lang='lat' dir='ltr'><strong><em>transit</em></strong></span> <span class='ocrx_word' id='word_1_602' title='bbox 3221 4167 3286 4222; x_wconf 90' lang='lat' dir='ltr'><strong><em>ad</em></strong></span> <span class='ocrx_word' id='word_1_603' title='bbox 3320 4170 3482 4223; x_wconf 78' lang='lat' dir='ltr'><strong><em>bene-</em></strong></span> 
     </span>
    </p>
   </div>
   <div class='ocr_carea' id='block_1_82' title="bbox 1945 4257 3482 4328">
    <p class='ocr_par' dir='ltr' id='par_1_82' title="bbox 1945 4257 3482 4328">
     <span class='ocr_line' id='line_1_82' title="bbox 1945 4257 3482 4328; baseline -0.001 -16"><span class='ocrx_word' id='word_1_604' title='bbox 1945 4259 2063 4312; x_wconf 85' lang='lat' dir='ltr'><strong><em>ﬁcia</em></strong></span> <span class='ocrx_word' id='word_1_605' title='bbox 2093 4257 2274 4312; x_wconf 87' lang='lat' dir='ltr'><strong><em>lsraeli</em></strong></span> <span class='ocrx_word' id='word_1_606' title='bbox 2303 4259 2497 4313; x_wconf 86' lang='lat' dir='ltr'><strong><em>collata</em></strong></span> <span class='ocrx_word' id='word_1_607' title='bbox 2536 4276 2548 4312; x_wconf 91' lang='lat'>:</span> <span class='ocrx_word' id='word_1_608' title='bbox 2577 4259 2734 4313; x_wconf 89' lang='lat' dir='ltr'><strong><em>simul</em></strong></span> <span class='ocrx_word' id='word_1_609' title='bbox 2769 4273 2869 4313; x_wconf 88' lang='lat' dir='ltr'><strong><em>nos</em></strong></span> <span class='ocrx_word' id='word_1_610' title='bbox 2892 4257 3184 4313; x_wconf 89' lang='lat' dir='ltr'><strong><em>admonens</em></strong></span> <span class='ocrx_word' id='word_1_611' title='bbox 3218 4268 3277 4311; x_wconf 89' lang='lat' dir='ltr'><strong><em>ut</em></strong></span> <span class='ocrx_word' id='word_1_612' title='bbox 3303 4258 3482 4328; x_wconf 64' lang='lat' dir='ltr'><strong><em>Egy-</em></strong></span> 
     </span>
    </p>
   </div>
   <div class='ocr_carea' id='block_1_83' title="bbox 1945 4347 3476 4418">
    <p class='ocr_par' dir='ltr' id='par_1_83' title="bbox 1945 4347 3476 4418">
     <span class='ocr_line' id='line_1_83' title="bbox 1945 4347 3476 4418; baseline 0.002 -19"><span class='ocrx_word' id='word_1_613' title='bbox 1945 4350 2150 4418; x_wconf 88' lang='lat' dir='ltr'><strong><em>ptiacos</em></strong></span> <span class='ocrx_word' id='word_1_614' title='bbox 2182 4362 2360 4403; x_wconf 85' lang='lat' dir='ltr'><strong><em>mores</em></strong></span> <span class='ocrx_word' id='word_1_615' title='bbox 2393 4347 2683 4418; x_wconf 75' lang='lat' dir='ltr'><strong><em>fugimus,</em></strong></span> <span class='ocrx_word' id='word_1_616' title='bbox 2718 4364 2786 4403; x_wconf 91' lang='lat' dir='ltr'><strong><em>ne</em></strong></span> <span class='ocrx_word' id='word_1_617' title='bbox 2837 4349 2891 4401; x_wconf 90' lang='lat' dir='ltr'><strong><em>in</em></strong></span> <span class='ocrx_word' id='word_1_618' title='bbox 2937 4348 3085 4417; x_wconf 90' lang='lat' dir='ltr'><strong><em>paria</em></strong></span> <span class='ocrx_word' id='word_1_619' title='bbox 3139 4348 3476 4415; x_wconf 84' lang='lat' dir='ltr'><strong><em>incidamus;</em></strong></span> 
     </span>
    </p>
   </div>
   <div class='ocr_carea' id='block_1_84' title="bbox 1946 4433 3478 4506">
    <p class='ocr_par' dir='ltr' id='par_1_84' title="bbox 1946 4433 3478 4506">
     <span class='ocr_line' id='line_1_84' title="bbox 1946 4433 3478 4506; baseline 0.003 -17"><span class='ocrx_word' id='word_1_620' title='bbox 1946 4451 2329 4506; x_wconf 86' lang='lat' dir='ltr'><strong><em>precemurque</em></strong></span> <span class='ocrx_word' id='word_1_621' title='bbox 2382 4444 2442 4490; x_wconf 89' lang='lat' dir='ltr'><strong><em>ut</em></strong></span> <span class='ocrx_word' id='word_1_622' title='bbox 2488 4435 2543 4490; x_wconf 90' lang='lat' dir='ltr'><strong><em>in</em></strong></span> <span class='ocrx_word' id='word_1_623' title='bbox 2589 4437 2837 4506; x_wconf 89' lang='lat' dir='ltr'><strong><em>portione</em></strong></span> <span class='ocrx_word' id='word_1_624' title='bbox 2869 4433 2962 4506; x_wconf 68' lang='lat' dir='ltr'><strong><em>Dei</em></strong></span> <span class='ocrx_word' id='word_1_625' title='bbox 3008 4436 3364 4499; x_wconf 86' lang='lat' dir='ltr'><strong><em>ascribamur,</em></strong></span> <span class='ocrx_word' id='word_1_626' title='bbox 3391 4439 3478 4493; x_wconf 89' lang='lat' dir='ltr'><strong><em>cui</em></strong></span> 
     </span>
    </p>
   </div>
   <div class='ocr_carea' id='block_1_85' title="bbox 308 4519 2013 4610">
    <p class='ocr_par' dir='ltr' id='par_1_85' title="bbox 308 4519 2011 4610">
     <span class='ocr_line' id='line_1_85' title="bbox 308 4519 2011 4610; baseline 0.009 -38"><span class='ocrx_word' id='word_1_627' title='bbox 308 4521 520 4610; x_wconf 62' lang='grc' dir='ltr'>μερίδος</span> <span class='ocrx_word' id='word_1_628' title='bbox 542 4519 637 4610; x_wconf 74' lang='grc' dir='ltr'><strong><em>τοῦ</em></strong></span> <span class='ocrx_word' id='word_1_629' title='bbox 663 4521 815 4587; x_wconf 84' lang='grc' dir='ltr'>Θεοῦ,</span> <span class='ocrx_word' id='word_1_630' title='bbox 837 4519 870 4597; x_wconf 80' lang='grc' dir='ltr'>ᾖ</span> <span class='ocrx_word' id='word_1_631' title='bbox 891 4528 1112 4596; x_wconf 79' lang='grc' dir='ltr'>παρεῖχε</span> <span class='ocrx_word' id='word_1_632' title='bbox 1137 4527 1231 4590; x_wconf 83' lang='grc' dir='ltr'><strong><em>τὰς</em></strong></span> <span class='ocrx_word' id='word_1_633' title='bbox 1251 4528 1309 4592; x_wconf 76' lang='grc' dir='ltr'><strong>ἐξ</strong></span> <span class='ocrx_word' id='word_1_634' title='bbox 1335 4529 1496 4583; x_wconf 81' lang='grc' dir='ltr'>αὑτοῦ</span> <span class='ocrx_word' id='word_1_635' title='bbox 1516 4532 1842 4601; x_wconf 75' lang='grc' dir='ltr'>εὐεργεσίαςο</span> <span class='ocrx_word' id='word_1_636' title='bbox 1877 4555 1918 4610; x_wconf 75' lang='grc' dir='ltr'><strong><em>ι)</em></strong></span> <span class='ocrx_word' id='word_1_637' title='bbox 1947 4529 2011 4584; x_wconf 88' lang='lat' dir='ltr'><strong><em>be</em></strong></span> 
     </span>
    </p>
   </div>
   <div class='ocr_carea' id='block_1_86' title="bbox 1772 4519 3477 4610">
    <p class='ocr_par' dir='ltr' id='par_1_86' title="bbox 1772 4527 3477 4610">
     <span class='ocr_line' id='line_1_86' title="bbox 1772 4527 3477 4610; baseline 0 -26"><span class='ocrx_word' id='word_1_638' title='bbox 1772 4549 1842 4594; x_wconf 81' lang='grc' dir='ltr'><strong><em>ις’</em></strong></span> <span class='ocrx_word' id='word_1_639' title='bbox 1877 4555 1918 4610; x_wconf 74' lang='grc' dir='ltr'><strong><em>ι)</em></strong></span> <span class='ocrx_word' id='word_1_640' title='bbox 1947 4527 2201 4584; x_wconf 79' lang='lat' dir='ltr'><strong><em>beneﬁcia</em></strong></span> <span class='ocrx_word' id='word_1_641' title='bbox 2245 4543 2350 4596; x_wconf 25' lang='lat' dir='ltr'><strong><em>sua,</em></strong></span> <span class='ocrx_word' id='word_1_642' title='bbox 2391 4527 2689 4596; x_wconf 87' lang='lat' dir='ltr'><strong><em>impertiit:</em></strong></span> <span class='ocrx_word' id='word_1_643' title='bbox 2740 4528 2972 4594; x_wconf 85' lang='lat' dir='ltr'><strong><em>itemque</em></strong></span> <span class='ocrx_word' id='word_1_644' title='bbox 3029 4539 3477 4595; x_wconf 81' lang='lat' dir='ltr'><strong><em>commemorans,</em></strong></span> 
     </span>
    </p>
   </div>
   <div class='ocr_carea' id='block_1_87' title="bbox 306 4604 1840 4691">
    <p class='ocr_par' dir='ltr' id='par_1_87' title="bbox 306 4604 1840 4691">
     <span class='ocr_line' id='line_1_87' title="bbox 306 4604 1840 4691; baseline 0.009 -31"><span class='ocrx_word' id='word_1_645' title='bbox 306 4609 441 4677; x_wconf 79' lang='grc' dir='ltr'>ὁμοῦ</span> <span class='ocrx_word' id='word_1_646' title='bbox 470 4609 561 4662; x_wconf 79' lang='grc' dir='ltr'>καὶ</span> <span class='ocrx_word' id='word_1_647' title='bbox 595 4604 666 4664; x_wconf 83' lang='grc' dir='ltr'>ὧν</span> <span class='ocrx_word' id='word_1_648' title='bbox 690 4610 991 4683; x_wconf 73' lang='grc' dir='ltr'>ἠξιώθησαν</span> <span class='ocrx_word' id='word_1_649' title='bbox 1020 4616 1330 4685; x_wconf 79' lang='grc' dir='ltr'>παραδόξων</span> <span class='ocrx_word' id='word_1_650' title='bbox 1352 4619 1482 4672; x_wconf 88' lang='grc' dir='ltr'>Θεοῦ</span> <span class='ocrx_word' id='word_1_651' title='bbox 1521 4623 1567 4672; x_wconf 87' lang='lat' dir='ltr'><strong><em>ol</em></strong></span> <span class='ocrx_word' id='word_1_652' title='bbox 1600 4622 1662 4672; x_wconf 72' lang='grc' dir='ltr'>ἐκ</span> <span class='ocrx_word' id='word_1_653' title='bbox 1687 4638 1840 4691; x_wconf 85' lang='grc' dir='ltr'>περι-</span> 
     </span>
    </p>
   </div>
   <div class='ocr_carea' id='block_1_88' title="bbox 305 4699 1840 4777">
    <p class='ocr_par' dir='ltr' id='par_1_88' title="bbox 305 4699 1840 4777">
     <span class='ocr_line' id='line_1_88' title="bbox 305 4699 1840 4777; baseline 0.008 -28"><span class='ocrx_word' id='word_1_654' title='bbox 305 4699 477 4767; x_wconf 77' lang='grc' dir='ltr'>τομῆς</span> <span class='ocrx_word' id='word_1_655' title='bbox 507 4702 870 4770; x_wconf 83' lang='grc' dir='ltr'>μνημονεύων,</span> <span class='ocrx_word' id='word_1_656' title='bbox 895 4705 973 4766; x_wconf 80' lang='grc' dir='ltr'><strong><em>είς</em></strong></span> <span class='ocrx_word' id='word_1_657' title='bbox 1006 4701 1221 4776; x_wconf 70' lang='grc' dir='ltr'>ἔλεγχον</span> <span class='ocrx_word' id='word_1_658' title='bbox 1257 4709 1352 4777; x_wconf 84' lang='grc' dir='ltr'><strong><em>μὲν</em></strong></span> <span class='ocrx_word' id='word_1_659' title='bbox 1375 4707 1468 4761; x_wconf 88' lang='grc' dir='ltr'><strong><em>τοῦ</em></strong></span> <span class='ocrx_word' id='word_1_660' title='bbox 1502 4709 1676 4762; x_wconf 84' lang='grc' dir='ltr'>αὐτῶν</span> <span class='ocrx_word' id='word_1_661' title='bbox 1699 4711 1840 4764; x_wconf 83' lang='grc' dir='ltr'>ἐκεί-</span> 
     </span>
    </p>
   </div>
   <div class='ocr_carea' id='block_1_89' title="bbox 307 4787 1841 4866">
    <p class='ocr_par' dir='ltr' id='par_1_89' title="bbox 307 4787 1841 4866">
     <span class='ocr_line' id='line_1_89' title="bbox 307 4787 1841 4866; baseline 0.012 -31"><span class='ocrx_word' id='word_1_662' title='bbox 307 4801 413 4837; x_wconf 88' lang='grc' dir='ltr'><strong><em>νων</em></strong></span> <span class='ocrx_word' id='word_1_663' title='bbox 465 4787 682 4860; x_wconf 79' lang='grc' dir='ltr'>τρόπου,</span> <span class='ocrx_word' id='word_1_664' title='bbox 734 4791 1020 4858; x_wconf 75' lang='grc' dir='ltr'>ἁπολογίαν</span> <span class='ocrx_word' id='word_1_665' title='bbox 1048 4794 1104 4847; x_wconf 84' lang='grc' dir='ltr'>δὲ</span> <span class='ocrx_word' id='word_1_666' title='bbox 1153 4795 1252 4865; x_wconf 81' lang='grc' dir='ltr'>τῆς</span> <span class='ocrx_word' id='word_1_667' title='bbox 1299 4797 1435 4866; x_wconf 83' lang='grc' dir='ltr'>μετὰ</span> <span class='ocrx_word' id='word_1_668' title='bbox 1468 4796 1636 4849; x_wconf 88' lang='grc' dir='ltr'>ταῦτα</span> <span class='ocrx_word' id='word_1_669' title='bbox 1666 4798 1841 4853; x_wconf 83' lang='grc' dir='ltr'>αὐτῶν</span> 
     </span>
    </p>
   </div>
   <div class='ocr_carea' id='block_1_90' title="bbox 309 4876 592 4948">
    <p class='ocr_par' dir='ltr' id='par_1_90' title="bbox 309 4876 592 4948">
     <span class='ocr_line' id='line_1_90' title="bbox 309 4876 592 4948; baseline 0.014 -20"><span class='ocrx_word' id='word_1_670' title='bbox 309 4876 592 4948; x_wconf 75' lang='grc' dir='ltr'>ἀποϐολῆς.</span> 
     </span>
    </p>
   </div>
   <div class='ocr_carea' id='block_1_91' title="bbox 383 4969 1842 5044">
    <p class='ocr_par' dir='ltr' id='par_1_91' title="bbox 383 4969 1842 5044">
     <span class='ocr_line' id='line_1_91' title="bbox 383 4969 1842 5044; baseline 0.01 -24"><span class='ocrx_word' id='word_1_671' title='bbox 383 4969 628 5039; x_wconf 79' lang='grc' dir='ltr'>’ῌτησε,</span> <span class='ocrx_word' id='word_1_672' title='bbox 649 4970 744 5022; x_wconf 73' lang='grc' dir='ltr'><strong><em>καί</em></strong></span> <span class='ocrx_word' id='word_1_673' title='bbox 770 4969 1380 5044; x_wconf 70' lang='grc' dir='ltr'>ἦλθεν-ὀρτυγομήτρα,</span> <span class='ocrx_word' id='word_1_674' title='bbox 1415 4978 1509 5031; x_wconf 80' lang='grc' dir='ltr'><strong><em>καί</em></strong></span> <span class='ocrx_word' id='word_1_675' title='bbox 1534 4977 1722 5044; x_wconf 77' lang='grc' dir='ltr'>ἀρτων</span> <span class='ocrx_word' id='word_1_676' title='bbox 1747 4982 1842 5033; x_wconf 81' lang='grc' dir='ltr'><strong><em>σὺ·</em></strong></span> 
     </span>
    </p>
   </div>
   <div class='ocr_carea' id='block_1_92' title="bbox 1947 4617 3476 4690">
    <p class='ocr_par' dir='ltr' id='par_1_92' title="bbox 1947 4617 3476 4690">
     <span class='ocr_line' id='line_1_92' title="bbox 1947 4617 3476 4690; baseline 0 -18"><span class='ocrx_word' id='word_1_677' title='bbox 1947 4619 2160 4690; x_wconf 87' lang='lat' dir='ltr'><strong><em>quantis</em></strong></span> <span class='ocrx_word' id='word_1_678' title='bbox 2207 4617 2299 4672; x_wconf 88' lang='lat' dir='ltr'><strong><em>Dei</em></strong></span> <span class='ocrx_word' id='word_1_679' title='bbox 2345 4617 2683 4672; x_wconf 87' lang='lat' dir='ltr'><strong><em>mirabilibus</em></strong></span> <span class='ocrx_word' id='word_1_680' title='bbox 2737 4617 2984 4686; x_wconf 86' lang='lat' dir='ltr'><strong><em>dignatus</em></strong></span> <span class='ocrx_word' id='word_1_681' title='bbox 3036 4617 3107 4670; x_wconf 88' lang='lat' dir='ltr'><strong><em>sit</em></strong></span> <span class='ocrx_word' id='word_1_682' title='bbox 3157 4618 3384 4686; x_wconf 88' lang='lat' dir='ltr'><strong><em>populus</em></strong></span> <span class='ocrx_word' id='word_1_683' title='bbox 3413 4635 3476 4674; x_wconf 83' lang='lat' dir='ltr'><strong><em>ex</em></strong></span> 
     </span>
    </p>
   </div>
   <div class='ocr_carea' id='block_1_93' title="bbox 1945 4709 3477 4778">
    <p class='ocr_par' dir='ltr' id='par_1_93' title="bbox 1945 4709 3477 4778">
     <span class='ocr_line' id='line_1_93' title="bbox 1945 4709 3477 4778; baseline -0.003 -10"><span class='ocrx_word' id='word_1_684' title='bbox 1945 4712 2384 4776; x_wconf 88' lang='lat' dir='ltr'><strong><em>circumcisione;</em></strong></span> <span class='ocrx_word' id='word_1_685' title='bbox 2407 4717 2466 4763; x_wconf 94' lang='lat' dir='ltr'><strong><em>ut</em></strong></span> <span class='ocrx_word' id='word_1_686' title='bbox 2486 4723 2673 4764; x_wconf 84' lang='lat' dir='ltr'><strong><em>eorum</em></strong></span> <span class='ocrx_word' id='word_1_687' title='bbox 2721 4723 2900 4764; x_wconf 87' lang='lat' dir='ltr'><strong><em>mores</em></strong></span> <span class='ocrx_word' id='word_1_688' title='bbox 2938 4717 3217 4778; x_wconf 80' lang='lat' dir='ltr'><strong><em>coarguat,</em></strong></span> <span class='ocrx_word' id='word_1_689' title='bbox 3247 4709 3477 4777; x_wconf 83' lang='lat' dir='ltr'><strong><em>justam-</em></strong></span> 
     </span>
    </p>
   </div>
   <div class='ocr_carea' id='block_1_94' title="bbox 1945 4801 3286 4875">
    <p class='ocr_par' dir='ltr' id='par_1_94' title="bbox 1945 4801 3286 4875">
     <span class='ocr_line' id='line_1_94' title="bbox 1945 4801 3286 4875; baseline -0.005 -16"><span class='ocrx_word' id='word_1_690' title='bbox 1945 4819 2048 4875; x_wconf 90' lang='lat' dir='ltr'><strong><em>que</em></strong></span> <span class='ocrx_word' id='word_1_691' title='bbox 2072 4801 2385 4873; x_wconf 78' lang='lat' dir='ltr'><strong><em>abjectionis</em></strong></span> <span class='ocrx_word' id='word_1_692' title='bbox 2411 4813 2596 4853; x_wconf 86' lang='lat' dir='ltr'><strong><em>eorum</em></strong></span> <span class='ocrx_word' id='word_1_693' title='bbox 2623 4812 2840 4853; x_wconf 87' lang='lat' dir='ltr'><strong><em>causam</em></strong></span> <span class='ocrx_word' id='word_1_694' title='bbox 2878 4805 3286 4854; x_wconf 89' lang='lat' dir='ltr'><strong><em>commonstret.</em></strong></span> 
     </span>
    </p>
   </div>
   <div class='ocr_carea' id='block_1_95' title="bbox 2009 4968 3474 5038">
    <p class='ocr_par' dir='ltr' id='par_1_95' title="bbox 2009 4968 3474 5038">
     <span class='ocr_line' id='line_1_95' title="bbox 2009 4968 3474 5038; baseline -0.003 -10"><span class='ocrx_word' id='word_1_695' title='bbox 2009 4978 2168 5030; x_wconf 70' lang='grc' dir='ltr'>’νἰςιιε.</span> <span class='ocrx_word' id='word_1_696' title='bbox 2201 4971 2382 5027; x_wconf 69' lang='lat'><strong><em>40-45.</em></strong></span> <span class='ocrx_word' id='word_1_697' title='bbox 2415 4969 2597 5034; x_wconf 73' lang='lat' dir='ltr'><strong><em>Periit,</em></strong></span> <span class='ocrx_word' id='word_1_698' title='bbox 2626 4978 2675 5025; x_wconf 78' lang='lat' dir='ltr'><strong><em>st</em></strong></span> <span class='ocrx_word' id='word_1_699' title='bbox 2717 4985 2852 5026; x_wconf 73' lang='lat' dir='ltr'><strong><em>venit</em></strong></span> <span class='ocrx_word' id='word_1_700' title='bbox 2883 4984 3146 5038; x_wconf 74' lang='lat' dir='ltr'><strong><em>coturnis,</em></strong></span> <span class='ocrx_word' id='word_1_701' title='bbox 3175 4979 3222 5023; x_wconf 82' lang='lat' dir='ltr'><strong><em>et</em></strong></span> <span class='ocrx_word' id='word_1_702' title='bbox 3253 4968 3474 5038; x_wconf 76' lang='lat' dir='ltr'><strong><em>panibus</em></strong></span> 
     </span>
    </p>
   </div>
   <div class='ocr_carea' id='block_1_96' title="bbox 301 5058 2006 5133">
    <p class='ocr_par' dir='ltr' id='par_1_96' title="bbox 301 5058 2006 5133">
     <span class='ocr_line' id='line_1_96' title="bbox 301 5058 2006 5133; baseline 0.005 -22"><span class='ocrx_word' id='word_1_703' title='bbox 301 5058 489 5128; x_wconf 87' lang='grc' dir='ltr'>ρανοῦ</span> <span class='ocrx_word' id='word_1_704' title='bbox 513 5059 844 5126; x_wconf 73' lang='grc' dir='ltr'>ἐνέπλησεν</span> <span class='ocrx_word' id='word_1_705' title='bbox 873 5064 1106 5129; x_wconf 83' lang='grc' dir='ltr'>αὐτούς.</span> <span class='ocrx_word' id='word_1_706' title='bbox 1151 5065 1456 5133; x_wconf 79' lang='grc' dir='ltr'><strong><em>Ἀνέρῤηξε</em></strong></span> <span class='ocrx_word' id='word_1_707' title='bbox 1488 5066 1725 5133; x_wconf 78' lang='grc' dir='ltr'>πέτραν,</span> <span class='ocrx_word' id='word_1_708' title='bbox 1747 5071 1844 5123; x_wconf 76' lang='grc' dir='ltr'>καὶ</span> <span class='ocrx_word' id='word_1_709' title='bbox 1939 5083 2006 5120; x_wconf 74' lang='lat' dir='ltr'><strong><em>cm</em></strong></span> 
     </span>
    </p>
   </div>
   <div class='ocr_carea' id='block_1_97' title="bbox 1765 5058 3470 5133">
    <p class='ocr_par' dir='ltr' id='par_1_97' title="bbox 1765 5060 3470 5132">
     <span class='ocr_line' id='line_1_97' title="bbox 1765 5060 3470 5132; baseline -0.004 -11"><span class='ocrx_word' id='word_1_710' title='bbox 1765 5071 1844 5123; x_wconf 78' lang='lat' dir='ltr'><strong><em>sal</em></strong></span> <span class='ocrx_word' id='word_1_711' title='bbox 1939 5063 2272 5132; x_wconf 69' lang='lat' dir='ltr'><strong><em>calirepleuit</em></strong></span> <span class='ocrx_word' id='word_1_712' title='bbox 2300 5077 2406 5115; x_wconf 84' lang='lat' dir='ltr'><strong><em>eos.</em></strong></span> <span class='ocrx_word' id='word_1_713' title='bbox 2439 5060 2648 5128; x_wconf 84' lang='lat' dir='ltr'><strong><em>Dirupit</em></strong></span> <span class='ocrx_word' id='word_1_714' title='bbox 2667 5071 2894 5128; x_wconf 80' lang='lat' dir='ltr'><strong><em>petram,</em></strong></span> <span class='ocrx_word' id='word_1_715' title='bbox 2938 5070 2988 5116; x_wconf 84' lang='lat' dir='ltr'><strong><em>et</em></strong></span> <span class='ocrx_word' id='word_1_716' title='bbox 3015 5062 3277 5131; x_wconf 68' lang='lat' dir='ltr'><strong><em>ﬂuxerunt</em></strong></span> <span class='ocrx_word' id='word_1_717' title='bbox 3303 5076 3470 5130; x_wconf 66' lang='lat' dir='ltr'><strong><em>me,</em></strong></span> 
     </span>
    </p>
   </div>
   <div class='ocr_carea' id='block_1_98' title="bbox 308 5149 1844 5223">
    <p class='ocr_par' dir='ltr' id='par_1_98' title="bbox 308 5149 1844 5223">
     <span class='ocr_line' id='line_1_98' title="bbox 308 5149 1844 5223; baseline 0.007 -21"><span class='ocrx_word' id='word_1_718' title='bbox 308 5150 610 5218; x_wconf 71' lang='grc' dir='ltr'>ἐρρύησαν</span> <span class='ocrx_word' id='word_1_719' title='bbox 656 5149 858 5214; x_wconf 83' lang='grc' dir='ltr'>ὕδατα,</span> <span class='ocrx_word' id='word_1_720' title='bbox 887 5153 1294 5222; x_wconf 74' lang='grc' dir='ltr'>ἐπορεύθησαν</span> <span class='ocrx_word' id='word_1_721' title='bbox 1329 5157 1395 5208; x_wconf 77' lang='grc' dir='ltr'>ὲν</span> <span class='ocrx_word' id='word_1_722' title='bbox 1431 5156 1703 5223; x_wconf 77' lang='grc' dir='ltr'>ἀνύδροις</span> <span class='ocrx_word' id='word_1_723' title='bbox 1739 5173 1844 5212; x_wconf 85' lang='grc' dir='ltr'>πο-</span> 
     </span>
    </p>
   </div>
   <div class='ocr_carea' id='block_1_99' title="bbox 309 5238 1842 5313">
    <p class='ocr_par' dir='ltr' id='par_1_99' title="bbox 309 5238 1842 5313">
     <span class='ocr_line' id='line_1_99' title="bbox 309 5238 1842 5313; baseline 0.007 -22"><span class='ocrx_word' id='word_1_724' title='bbox 309 5240 480 5306; x_wconf 82' lang='grc' dir='ltr'>ταμοί</span> <span class='ocrx_word' id='word_1_725' title='bbox 495 5256 522 5294; x_wconf 85' lang='grc'>·,</span> <span class='ocrx_word' id='word_1_726' title='bbox 544 5240 631 5292; x_wconf 63' lang='grc' dir='ltr'>ὅτι</span> <span class='ocrx_word' id='word_1_727' title='bbox 656 5238 922 5310; x_wconf 78' lang='grc' dir='ltr'>ἐμνήσθη</span> <span class='ocrx_word' id='word_1_728' title='bbox 964 5243 1066 5297; x_wconf 77' lang='grc' dir='ltr'><strong><em>τοῦ</em></strong></span> <span class='ocrx_word' id='word_1_729' title='bbox 1090 5245 1272 5313; x_wconf 71' lang='grc' dir='ltr'>λόγου</span> <span class='ocrx_word' id='word_1_730' title='bbox 1304 5245 1407 5297; x_wconf 80' lang='grc' dir='ltr'><strong><em>τοῦ</em></strong></span> <span class='ocrx_word' id='word_1_731' title='bbox 1443 5245 1611 5312; x_wconf 77' lang='grc' dir='ltr'>ἁγίου</span> <span class='ocrx_word' id='word_1_732' title='bbox 1639 5249 1842 5313; x_wconf 83' lang='grc' dir='ltr'>αὐτοῦ,</span> 
     </span>
    </p>
   </div>
   <div class='ocr_carea' id='block_1_100' title="bbox 307 5325 1846 5407">
    <p class='ocr_par' dir='ltr' id='par_1_100' title="bbox 307 5325 1846 5407">
     <span class='ocr_line' id='line_1_100' title="bbox 307 5325 1846 5407; baseline 0.007 -29"><span class='ocrx_word' id='word_1_733' title='bbox 307 5325 415 5378; x_wconf 82' lang='grc' dir='ltr'><strong><em>τοῦ</em></strong></span> <span class='ocrx_word' id='word_1_734' title='bbox 440 5329 586 5394; x_wconf 82' lang='grc' dir='ltr'>πρὸς</span> <span class='ocrx_word' id='word_1_735' title='bbox 618 5329 854 5397; x_wconf 74' lang='grc' dir='ltr'><strong><em>Ἀϐραὰμ</em></strong></span> <span class='ocrx_word' id='word_1_736' title='bbox 867 5332 970 5384; x_wconf 77' lang='grc' dir='ltr'><strong><em>τὸν</em></strong></span> <span class='ocrx_word' id='word_1_737' title='bbox 983 5333 1410 5387; x_wconf 73' lang='grc' dir='ltr'>δοῦλοναύτοῦ.</span> <span class='ocrx_word' id='word_1_738' title='bbox 1445 5335 1551 5386; x_wconf 82' lang='lat' dir='ltr'><strong><em>Kal</em></strong></span> <span class='ocrx_word' id='word_1_739' title='bbox 1570 5337 1597 5386; x_wconf 84' lang='grc' dir='ltr'>ὁ</span> <span class='ocrx_word' id='word_1_740' title='bbox 1613 5336 1846 5407; x_wconf 81' lang='grc' dir='ltr'>Μωῦσῆς</span> 
     </span>
    </p>
   </div>
   <div class='ocr_carea' id='block_1_101' title="bbox 308 5412 1839 5494">
    <p class='ocr_par' dir='ltr' id='par_1_101' title="bbox 308 5412 1839 5494">
     <span class='ocr_line' id='line_1_101' title="bbox 308 5412 1839 5494; baseline 0.019 -30"><span class='ocrx_word' id='word_1_741' title='bbox 308 5412 364 5465; x_wconf 72' lang='grc' dir='ltr'><strong><em>δι</em></strong></span> <span class='ocrx_word' id='word_1_742' title='bbox 405 5415 462 5466; x_wconf 68' lang='grc' dir='ltr'>ιν</span> <span class='ocrx_word' id='word_1_743' title='bbox 503 5416 894 5488; x_wconf 79' lang='grc' dir='ltr'>Δευτερονομίῳ</span> <span class='ocrx_word' id='word_1_744' title='bbox 937 5421 1070 5491; x_wconf 82' lang='grc' dir='ltr'>πρὸς</span> <span class='ocrx_word' id='word_1_745' title='bbox 1099 5421 1292 5484; x_wconf 81' lang='grc' dir='ltr'>αὐτούς</span> <span class='ocrx_word' id='word_1_746' title='bbox 1323 5437 1480 5490; x_wconf 81' lang='grc' dir='ltr'>φησι·</span> <span class='ocrx_word' id='word_1_747' title='bbox 1519 5423 1616 5489; x_wconf 72' lang='grc' dir='ltr'><strong><em>Μὴ</em></strong></span> <span class='ocrx_word' id='word_1_748' title='bbox 1649 5425 1839 5494; x_wconf 57' lang='grc' dir='ltr'>εἴπης</span> 
     </span>
    </p>
   </div>
   <div class='ocr_carea' id='block_1_102' title="bbox 181 5479 1842 5581">
    <p class='ocr_par' dir='ltr' id='par_1_102' title="bbox 181 5479 1842 5581">
     <span class='ocr_line' id='line_1_102' title="bbox 181 5479 1842 5581; baseline 0.008 -29"><span class='ocrx_word' id='word_1_749' title='bbox 181 5479 200 5504; x_wconf 30' lang='grc' dir='ltr'><strong><em>κ’</em></strong></span> <span class='ocrx_word' id='word_1_750' title='bbox 310 5495 541 5568; x_wconf 28' lang='grc' dir='ltr'>Διὰλτὰς</span> <span class='ocrx_word' id='word_1_751' title='bbox 580 5479 959 5572; x_wconf 53' lang='grc' dir='ltr'>δικαιοσύνας</span> <span class='ocrx_word' id='word_1_752' title='bbox 979 5479 1115 5578; x_wconf 49' lang='grc' dir='ltr'>’μου</span> <span class='ocrx_word' id='word_1_753' title='bbox 1155 5479 1405 5581; x_wconf 56' lang='grc' dir='ltr'><strong><em>έξήᾷοάτὲ</em></strong></span> <span class='ocrx_word' id='word_1_754' title='bbox 1427 5526 1502 5578; x_wconf 80' lang='grc' dir='ltr'>με</span> <span class='ocrx_word' id='word_1_755' title='bbox 1536 5479 1842 5578; x_wconf 51' lang='grc' dir='ltr'>Κῦριοςηέἷκ</span> 
     </span>
    </p>
   </div>
   <div class='ocr_carea' id='block_1_103' title="bbox 311 5585 1841 5667">
    <p class='ocr_par' dir='ltr' id='par_1_103' title="bbox 311 5585 1841 5667">
     <span class='ocr_line' id='line_1_103' title="bbox 311 5585 1841 5667; baseline -0.001 -22"><span class='ocrx_word' id='word_1_756' title='bbox 311 5585 423 5656; x_wconf 73' lang='grc' dir='ltr'><strong><em>τῆς</em></strong></span> <span class='ocrx_word' id='word_1_757' title='bbox 442 5591 755 5657; x_wconf 72' lang='grc' dir='ltr'>Αἰγύπτου,</span> <span class='ocrx_word' id='word_1_758' title='bbox 776 5594 930 5647; x_wconf 71' lang='grc' dir='ltr'>ἀλλὰ</span> <span class='ocrx_word' id='word_1_759' title='bbox 956 5595 1051 5648; x_wconf 83' lang='grc' dir='ltr'>διὰ</span> <span class='ocrx_word' id='word_1_760' title='bbox 1072 5599 1175 5652; x_wconf 85' lang='grc' dir='ltr'><strong><em>τὸν</em></strong></span> <span class='ocrx_word' id='word_1_761' title='bbox 1205 5599 1381 5666; x_wconf 76' lang='grc' dir='ltr'>ὅρκον</span> <span class='ocrx_word' id='word_1_762' title='bbox 1405 5598 1474 5651; x_wconf 82' lang='grc' dir='ltr'><strong><em>ὃν</em></strong></span> <span class='ocrx_word' id='word_1_763' title='bbox 1503 5598 1694 5667; x_wconf 79' lang='grc' dir='ltr'>ὤμοσε</span> <span class='ocrx_word' id='word_1_764' title='bbox 1729 5603 1841 5654; x_wconf 82' lang='grc' dir='ltr'>Κύ..</span> 
     </span>
    </p>
   </div>
   <div class='ocr_carea' id='block_1_104' title="bbox 297 5677 1835 5761">
    <p class='ocr_par' dir='ltr' id='par_1_104' title="bbox 297 5677 1835 5761">
     <span class='ocr_line' id='line_1_104' title="bbox 297 5677 1835 5761; baseline 0.01 -31"><span class='ocrx_word' id='word_1_765' title='bbox 297 5694 434 5747; x_wconf 86' lang='grc' dir='ltr'>ριος</span> <span class='ocrx_word' id='word_1_766' title='bbox 475 5677 598 5744; x_wconf 84' lang='grc' dir='ltr'>τοῖς</span> <span class='ocrx_word' id='word_1_767' title='bbox 631 5682 920 5748; x_wconf 78' lang='grc' dir='ltr'>πατράσιν</span> <span class='ocrx_word' id='word_1_768' title='bbox 961 5686 1142 5753; x_wconf 82' lang='grc' dir='ltr'>ὑμῶν.</span> <span class='ocrx_word' id='word_1_769' title='bbox 1183 5689 1290 5747; x_wconf 82' lang='lat' dir='ltr'><strong><em>Kal</em></strong></span> <span class='ocrx_word' id='word_1_770' title='bbox 1325 5687 1520 5760; x_wconf 83' lang='grc' dir='ltr'>γνώσῃ</span> <span class='ocrx_word' id='word_1_771' title='bbox 1549 5689 1835 5761; x_wconf 80' lang='grc' dir='ltr'>σήμερον,</span> 
     </span>
    </p>
   </div>
   <div class='ocr_carea' id='block_1_105' title="bbox 285 5781 983 5888">
    <p class='ocr_par' dir='ltr' id='par_1_105' title="bbox 285 5781 983 5888">
     <span class='ocr_line' id='line_1_105' title="bbox 285 5781 983 5888; baseline -0.004 0"><span class='ocrx_word' id='word_1_772' title='bbox 285 5781 339 5816; x_wconf 52' lang='grc'><strong><em>1.</em></strong></span> <span class='ocrx_word' id='word_1_773' title='bbox 386 5833 434 5867; x_wconf 83' lang='grc'><strong><em>⁸⁸</em></strong></span> <span class='ocrx_word' id='word_1_774' title='bbox 467 5830 634 5888; x_wconf 78' lang='lat' dir='ltr'><strong><em>Exod.</em></strong></span> <span class='ocrx_word' id='word_1_775' title='bbox 675 5847 744 5886; x_wconf 84' lang='grc' dir='ltr'><strong><em>ιι.</em></strong></span> <span class='ocrx_word' id='word_1_776' title='bbox 778 5833 983 5886; x_wconf 62' lang='lat'><strong><em>23—95</em></strong></span> 
     </span>
    </p>
   </div>
   <div class='ocr_carea' id='block_1_106' title="bbox 1941 5151 3476 5220">
    <p class='ocr_par' dir='ltr' id='par_1_106' title="bbox 1941 5151 3476 5220">
     <span class='ocr_line' id='line_1_106' title="bbox 1941 5151 3476 5220; baseline -0.005 -8"><span class='ocrx_word' id='word_1_777' title='bbox 1941 5163 2216 5212; x_wconf 81' lang='lat' dir='ltr'><strong><em>manarunt</em></strong></span> <span class='ocrx_word' id='word_1_778' title='bbox 2237 5155 2292 5206; x_wconf 89' lang='lat' dir='ltr'><strong><em>in</em></strong></span> <span class='ocrx_word' id='word_1_779' title='bbox 2321 5153 2586 5220; x_wconf 86' lang='lat' dir='ltr'><strong><em>inaquosis</em></strong></span> <span class='ocrx_word' id='word_1_780' title='bbox 2609 5152 2848 5219; x_wconf 69' lang='lat' dir='ltr'><strong><em>ﬂumina.</em></strong></span> <span class='ocrx_word' id='word_1_781' title='bbox 2875 5152 3131 5218; x_wconf 78' lang='lat' dir='ltr'><strong><em>Quoniam</em></strong></span> <span class='ocrx_word' id='word_1_782' title='bbox 3163 5167 3356 5204; x_wconf 87' lang='lat' dir='ltr'><strong><em>memor</em></strong></span> <span class='ocrx_word' id='word_1_783' title='bbox 3376 5151 3476 5220; x_wconf 79' lang='lat' dir='ltr'><strong><em>fuit</em></strong></span> 
     </span>
    </p>
   </div>
   <div class='ocr_carea' id='block_1_107' title="bbox 1940 5239 3472 5311">
    <p class='ocr_par' dir='ltr' id='par_1_107' title="bbox 1940 5239 3472 5311">
     <span class='ocr_line' id='line_1_107' title="bbox 1940 5239 3472 5311; baseline -0.003 -11"><span class='ocrx_word' id='word_1_784' title='bbox 1940 5245 2076 5300; x_wconf 77' lang='lat' dir='ltr'><strong><em>uerbi</em></strong></span> <span class='ocrx_word' id='word_1_785' title='bbox 2139 5244 2309 5297; x_wconf 84' lang='lat' dir='ltr'><strong><em>sancti</em></strong></span> <span class='ocrx_word' id='word_1_786' title='bbox 2353 5243 2453 5307; x_wconf 89' lang='lat' dir='ltr'><strong><em>sui,</em></strong></span> <span class='ocrx_word' id='word_1_787' title='bbox 2489 5241 2622 5311; x_wconf 84' lang='lat' dir='ltr'><strong><em>quod</em></strong></span> <span class='ocrx_word' id='word_1_788' title='bbox 2653 5241 2833 5295; x_wconf 71' lang='lat' dir='ltr'><strong><em>habuit</em></strong></span> <span class='ocrx_word' id='word_1_789' title='bbox 2873 5241 2940 5294; x_wconf 83' lang='lat' dir='ltr'><strong><em>ad</em></strong></span> <span class='ocrx_word' id='word_1_790' title='bbox 2967 5239 3232 5294; x_wconf 83' lang='lat' dir='ltr'><strong><em>Abraham</em></strong></span> <span class='ocrx_word' id='word_1_791' title='bbox 3272 5257 3472 5296; x_wconf 80' lang='lat' dir='ltr'><strong><em>servum</em></strong></span> 
     </span>
    </p>
   </div>
   <div class='ocr_carea' id='block_1_108' title="bbox 1944 5323 3472 5402">
    <p class='ocr_par' dir='ltr' id='par_1_108' title="bbox 1944 5323 3472 5402">
     <span class='ocr_line' id='line_1_108' title="bbox 1944 5323 3472 5402; baseline -0.002 -14"><span class='ocrx_word' id='word_1_792' title='bbox 1944 5349 2113 5388; x_wconf 88' lang='lat' dir='ltr'><strong><em>suum.</em></strong></span> <span class='ocrx_word' id='word_1_793' title='bbox 2137 5332 2230 5387; x_wconf 91' lang='lat' dir='ltr'><strong><em>Sic</em></strong></span> <span class='ocrx_word' id='word_1_794' title='bbox 2253 5333 2380 5386; x_wconf 87' lang='lat' dir='ltr'><strong><em>item</em></strong></span> <span class='ocrx_word' id='word_1_795' title='bbox 2423 5330 2632 5402; x_wconf 72' lang='lat' dir='ltr'><strong><em>Moyses</em></strong></span> <span class='ocrx_word' id='word_1_796' title='bbox 2671 5323 2791 5385; x_wconf 83' lang='lat' dir='ltr'><strong><em>illos</em></strong></span> <span class='ocrx_word' id='word_1_797' title='bbox 2818 5330 2873 5383; x_wconf 93' lang='lat' dir='ltr'><strong><em>in</em></strong></span> <span class='ocrx_word' id='word_1_798' title='bbox 2903 5328 3316 5385; x_wconf 87' lang='lat' dir='ltr'><strong><em>Deuteronomio</em></strong></span> <span class='ocrx_word' id='word_1_799' title='bbox 3341 5331 3472 5386; x_wconf 88' lang='lat' dir='ltr'><strong><em>allo-</em></strong></span> 
     </span>
    </p>
   </div>
   <div class='ocr_carea' id='block_1_109' title="bbox 1943 5420 3474 5493">
    <p class='ocr_par' dir='ltr' id='par_1_109' title="bbox 1943 5420 3474 5493">
     <span class='ocr_line' id='line_1_109' title="bbox 1943 5420 3474 5493; baseline -0.001 -17"><span class='ocrx_word' id='word_1_800' title='bbox 1943 5423 2126 5493; x_wconf 87' lang='lat' dir='ltr'><strong><em>quitur</em></strong></span> <span class='ocrx_word' id='word_1_801' title='bbox 2150 5441 2162 5476; x_wconf 88' lang='lat'>:</span> <span class='ocrx_word' id='word_1_802' title='bbox 2190 5421 2270 5474; x_wconf 79' lang='lat' dir='ltr'><strong><em>Ne</em></strong></span> <span class='ocrx_word' id='word_1_803' title='bbox 2297 5420 2441 5474; x_wconf 85' lang='lat' dir='ltr'><strong><em>dicas</em></strong></span> <span class='ocrx_word' id='word_1_804' title='bbox 2473 5437 2492 5474; x_wconf 91' lang='lat'><strong><em>:</em></strong></span> <span class='ocrx_word' id='word_1_805' title='bbox 2520 5421 2738 5490; x_wconf 80' lang='lat' dir='ltr'><strong><em>Propter</em></strong></span> <span class='ocrx_word' id='word_1_806' title='bbox 2764 5420 3000 5488; x_wconf 65' lang='lat' dir='ltr'><strong><em>justitias</em></strong></span> <span class='ocrx_word' id='word_1_807' title='bbox 3027 5437 3168 5474; x_wconf 77' lang='lat' dir='ltr'><strong><em>meas</em></strong></span> <span class='ocrx_word' id='word_1_808' title='bbox 3193 5421 3372 5475; x_wconf 69' lang='lat' dir='ltr'><strong><em>eduxit</em></strong></span> <span class='ocrx_word' id='word_1_809' title='bbox 3393 5438 3474 5475; x_wconf 76' lang='lat' dir='ltr'><strong><em>me</em></strong></span> 
     </span>
    </p>
   </div>
   <div class='ocr_carea' id='block_1_110' title="bbox 1945 5507 3470 5579">
    <p class='ocr_par' dir='ltr' id='par_1_110' title="bbox 1945 5507 3470 5579">
     <span class='ocr_line' id='line_1_110' title="bbox 1945 5507 3470 5579; baseline -0.001 -15"><span class='ocrx_word' id='word_1_810' title='bbox 1945 5511 2194 5564; x_wconf 77' lang='lat' dir='ltr'><strong><em>Dominus</em></strong></span> <span class='ocrx_word' id='word_1_811' title='bbox 2238 5511 2300 5564; x_wconf 85' lang='lat' dir='ltr'><strong><em>de</em></strong></span> <span class='ocrx_word' id='word_1_812' title='bbox 2328 5520 2468 5563; x_wconf 86' lang='lat' dir='ltr'><strong><em>terra</em></strong></span> <span class='ocrx_word' id='word_1_813' title='bbox 2490 5508 2725 5579; x_wconf 69' lang='lat' dir='ltr'><strong><em>Egypti,</em></strong></span> <span class='ocrx_word' id='word_1_814' title='bbox 2750 5508 2838 5564; x_wconf 82' lang='lat' dir='ltr'><strong><em>sed</em></strong></span> <span class='ocrx_word' id='word_1_815' title='bbox 2857 5517 3059 5576; x_wconf 78' lang='lat' dir='ltr'><strong><em>propter</em></strong></span> <span class='ocrx_word' id='word_1_816' title='bbox 3094 5507 3470 5576; x_wconf 79' lang='lat' dir='ltr'><strong><em>jusjurandum</em></strong></span> 
     </span>
    </p>
   </div>
   <div class='ocr_carea' id='block_1_111' title="bbox 1937 5596 3468 5670">
    <p class='ocr_par' dir='ltr' id='par_1_111' title="bbox 1937 5596 3468 5670">
     <span class='ocr_line' id='line_1_111' title="bbox 1937 5596 3468 5670; baseline 0 -18"><span class='ocrx_word' id='word_1_817' title='bbox 1937 5601 2070 5670; x_wconf 89' lang='lat' dir='ltr'><strong><em>quod</em></strong></span> <span class='ocrx_word' id='word_1_818' title='bbox 2091 5600 2288 5668; x_wconf 80' lang='lat' dir='ltr'><strong><em>jurauit</em></strong></span> <span class='ocrx_word' id='word_1_819' title='bbox 2315 5599 2565 5652; x_wconf 86' lang='lat' dir='ltr'><strong><em>Dominus</em></strong></span> <span class='ocrx_word' id='word_1_820' title='bbox 2593 5598 2827 5668; x_wconf 85' lang='lat' dir='ltr'><strong><em>patribus</em></strong></span> <span class='ocrx_word' id='word_1_821' title='bbox 2872 5599 3070 5653; x_wconf 82' lang='lat' dir='ltr'><strong><em>vestris.</em></strong></span> <span class='ocrx_word' id='word_1_822' title='bbox 3116 5596 3183 5648; x_wconf 82' lang='lat' dir='ltr'><strong><em>Et</em></strong></span> <span class='ocrx_word' id='word_1_823' title='bbox 3201 5612 3468 5666; x_wconf 75' lang='lat' dir='ltr'><strong><em>cognosces</em></strong></span> 
     </span>
    </p>
   </div>
   <div class='ocr_carea' id='block_1_112' title="bbox 1937 5686 3467 5762">
    <p class='ocr_par' dir='ltr' id='par_1_112' title="bbox 1937 5686 3467 5762">
     <span class='ocr_line' id='line_1_112' title="bbox 1937 5686 3467 5762; baseline -0.003 -16"><span class='ocrx_word' id='word_1_824' title='bbox 1937 5690 2084 5748; x_wconf 77' lang='lat' dir='ltr'><strong><em>hodie</em></strong></span> <span class='ocrx_word' id='word_1_825' title='bbox 2106 5690 2228 5761; x_wconf 86' lang='lat' dir='ltr'><strong><em>quia</em></strong></span> <span class='ocrx_word' id='word_1_826' title='bbox 2265 5707 2366 5745; x_wconf 87' lang='lat' dir='ltr'><strong><em>non</em></strong></span> <span class='ocrx_word' id='word_1_827' title='bbox 2393 5699 2596 5762; x_wconf 84' lang='lat' dir='ltr'><strong><em>propter</em></strong></span> <span class='ocrx_word' id='word_1_828' title='bbox 2615 5689 2850 5758; x_wconf 86' lang='lat' dir='ltr'><strong><em>justitias</em></strong></span> <span class='ocrx_word' id='word_1_829' title='bbox 2890 5698 3006 5743; x_wconf 82' lang='lat' dir='ltr'><strong><em>tuas</em></strong></span> <span class='ocrx_word' id='word_1_830' title='bbox 3046 5687 3296 5744; x_wconf 78' lang='lat' dir='ltr'><strong><em>Dominus</em></strong></span> <span class='ocrx_word' id='word_1_831' title='bbox 3329 5686 3467 5755; x_wconf 68' lang='lat' dir='ltr'><strong><em>Deus</em></strong></span> 
     </span>
    </p>
   </div>
  </div>
