4318 6412
338 502 473 559 isis
1420 510 1912 572 COMMENTARIA
1954 517 2019 572 IN
2056 474 2387 577 pSALuos.
3347 526 3488 583 tau

333 613 477 709 λείας
507 613 971 709 ἐλευθερωθέντες,
1013 621 1121 675 οὐκ
1141 623 1396 689 ἔγνωσαν,
1429 629 1509 679 ὅτι
1558 632 1618 681 οὐ
1656 630 1743 683 διὰ
1767 631 1864 694 τὰς
1892 638 1937 694 Α
1962 651 2032 703 qu

1781 631 1864 694 τὰς
1892 638 1937 694 Α
1962 636 2103 703 quod
2138 650 2243 690 non
2263 637 2485 704 iustitia:
2504 646 2614 691 suae
2643 650 2827 702 causa,
2858 646 3030 707 neqile
3058 638 3199 709 quod
3250 638 3352 708 ipsi
3391 639 3486 696 Dei

332 704 504 757 αὐτῶν
532 706 889 773 δικαιοσύνας,
909 710 1028 763 οὔτε
1053 713 1209 765 διὰτὸ
1238 712 1371 768 εἶναι
1406 720 1705 789 ἐπισκοπῆς
1728 720 1859 773 Θεοῦ
1965 740 2037 793 pri

1839 720 1859 773 3
1965 726 2293 793 providentia
2330 726 2481 795 digni
2533 735 2753 791 essent,
2808 729 2902 783 sed
2944 704 3016 783 ob
3070 704 3487 800 magnitudinem

330 794 527 860 ἀξίους,
574 797 659 850 διὰ
701 799 756 853 δὲ
794 800 1078 871 τὺεπλῆϐος
1109 804 1199 856 τοῦ
1231 805 1409 869 ἐλέους
1457 810 1621 861 αὐτοῦ
1662 811 1860 865 τούτων

326 887 670 957 τετυχήκασι.

398 978 462 1027 οι
500 977 741 1045 πατέρες
778 980 942 1048 ήμῶν
974 980 1042 1033 ἐν
1072 983 1338 1051 Αίγύπτῳ
1376 987 1448 1037 οὐ
1493 985 1762 1053 συνῆκαν
1791 988 1862 1041 τὰ

326 1061 619 1130 θαυμάσια
640 1081 774 1131 σου,
798 1070 905 1120 οὐκ
931 1067 1316 1135 ἐμνήσθησαν
1338 1072 1442 1125 τοῦ
1466 1074 1731 1141 πλήθους
1758 1076 1860 1129 τοῦ

324 1151 530 1219 ἐλέους
558 1168 690 1208 σου.
729 1157 835 1210 Kal
878 1160 1319 1225 παρεπίκραναν
1354 1162 1771 1229 ἀναϐαίνοντες
1792 1164 1860 1217 ἐν

324 1241 399 1310 τῇ
442 1245 680 1313 Ἐρυθρᾷ
733 1248 1027 1317 θαλάσσῃ.
1087 1248 1267 1302 Ταῦτα
1319 1251 1417 1321 μὲν
1462 1254 1491 1304 ὁ
1535 1255 1637 1323 πρὸ
1672 1254 1857 1307 τούτου

323 1332 559 1405 διείληφε
591 1337 820 1407 ψαλμὸς,
860 1340 1178 1409 ἐπετέμνετο
1212 1341 1265 1393 δὲ
1300 1343 1457 1405 αὐτὸς
1492 1346 1583 1396 καὶ
1629 1346 1725 1408 τὰς
1769 1347 1858 1398 ἐπὶ

322 1425 422 1495 τῆς
452 1428 653 1496 ἐρήμου
678 1429 1137 1500 παραδοξοποιίας,
1174 1432 1332 1511 μηδὲν
1361 1436 1735 1504 κατηγορήσας
1764 1436 1855 1489 τοῦ

216 1546 225 1557 ν
323 1515 469 1567 λαοῦ.
515 1518 569 1568 'O
614 1518 669 1570 δὲ
720 1519 905 1589 παρὼν
962 1522 1393 1590 ἐπαναλαμόάνει
1448 1524 1543 1591 τὴν
1591 1524 1855 1595 διήγησιν,

322 1606 416 1659 καὶ
474 1609 648 1671 πάσας
708 1610 799 1662 τοῦ
864 1611 991 1663 λαοῦ
1056 1612 1153 1674 τὰς
1222 1614 1528 1677 δυσσεϐείας
1593 1616 1854 1679 διέξεισιν.

327 1698 479 1750 Ἔστι
504 1698 557 1749 δὲ
592 1700 683 1751 καὶ
717 1702 744 1753 ὁ
787 1701 1076 1769 πᾶς’λόγος
1098 1701 1190 1755 τοῦ
1244 1704 1504 1758 Ἰουδαίων
1536 1705 1662 1758 λαοῦ
1693 1723 1857 1776 κατη-

320 1788 554 1857 γορικός.
612 1790 713 1843 Καὶ
758 1793 1196 1860 παρεπίκραναν
1226 1794 1641 1866 ἀναϐαίνοντες
1681 1797 1748 1847 ἐν
1782 1794 1857 1864 τῇ

333 1878 570 1944 Ἐρυθρᾷ
592 1880 881 1951 θαλάσσῃ.
900 1884 1286 1953 Προσελθόντες
1315 1888 1516 1957 Μωῦσῇ
1542 1888 1632 1939 καὶ
1661 1904 1858 1957 φησαν-

1964 815 2342 869 misericordia:
2372 814 2561 883 ipsius,
2602 814 2711 869 haec
2738 816 3011 871 consecuti
3035 817 3162 877 sint.

2030 985 2192 1040 Vens.
2222 986 2273 1049 7,
2296 986 2347 1040 8.
2377 984 2561 1039 Patres
2593 987 2756 1039 nostri
2782 988 2839 1039 in
2864 986 3088 1057 JEgypto
3109 1003 3209 1041 non
3229 988 3489 1042 intellexe-

1962 1086 2083 1129 runt
2110 1076 2374 1129 mirabilia
2409 1086 2519 1141 tua,
2564 1093 2665 1130 non
2703 1076 2911 1144 fuerunt
2962 1093 3204 1131 memores
3249 1076 3488 1147 multitu-

1961 1163 2096 1217 diris
2128 1166 2495 1221 misericordia
2535 1174 2655 1217 tua.
2694 1158 2757 1217 Et
2790 1167 3120 1219 irritaverant
3162 1167 3485 1220 ascendentes
3522 1238 3525 1241 ὗ

1962 1252 2016 1303 in
2040 1267 2181 1304 mare
2204 1250 2449 1305 Rubrum.
2485 1250 2604 1305 Haec
2626 1252 2837 1321 quidem
2888 1253 3194 1322 praecedens
3247 1255 3487 1323 psalmus

1960 1343 2249 1404 enarravit,
2282 1343 2546 1395 mirabilia
2579 1357 2706 1396 vero
2738 1342 2791 1395 in
2841 1343 3049 1397 deserto
3093 1352 3300 1413 patrata
3336 1359 3487 1398 com-

1961 1432 2153 1499 pendio
2179 1414 2395 1495 retulit,
2415 1432 2724 1500 nullamque
2774 1434 2826 1486 in
2880 1435 3132 1503 populum
3190 1436 3485 1488 accusatio-

1960 1536 2081 1573 nem
2124 1521 2373 1577 instituit.
2410 1520 2507 1574 Hic
2553 1537 2680 1574 vero
2707 1523 2946 1590 psalmus
2975 1525 3194 1577 resumit
3222 1526 3486 1578 narratio-

1958 1626 2101 1673 nem,
2156 1624 2448 1679 omnesque
2505 1612 2685 1678 populi
2733 1612 3029 1678 impietates
3080 1622 3480 1667 commemorat.

1958 1697 2231 1767 Totusque
2268 1712 2445 1751 sermo
2464 1696 2697 1751 Iudaicae
2719 1700 2893 1767 gentis
2938 1699 3211 1753 accusatio
3261 1708 3362 1755 est.
3415 1699 3483 1754 Et

1958 1787 2288 1841 irritaverunt
2312 1786 2637 1840 ascendentes
2661 1788 2714 1840 in
2741 1804 2883 1842 mare
2908 1787 3135 1841 Rubrum
3157 1792 3232 1854 7°;
3267 1805 3387 1843 cum
3416 1792 3484 1844 ad

1959 1875 2195 1945 Moysem
2236 1876 2552 1931 accedentes
2581 1877 2820 1937 dicerent
2848 1893 2861 1928 :
2895 1876 3105 1931 Utinam
3133 1881 3324 1932 mortui
3348 1896 3484 1935 essc-

317 1983 428 2030 τες,
449 1970 697 2036 Ὄφελον
711 1972 824 2039 μὲν
837 1972 1205 2042 ἀπεθάνομεν
1218 1977 1285 2027 ὲν
1304 1974 1379 2043 τῇ
1396 1978 1683 2044 Αἰγύπτῳ,
1697 1976 1734 2045 ἢ
1750 1977 1849 2030 ἐπὶ
1882 1974 1924 2029 Β
1951 1980 2022 2017 mi

1777 1977 1849 2030 ιπι
1882 1974 1924 2029 Β
1951 1980 2065 2017 mus
2100 1965 2155 2017 in
2185 1963 2431 2034 Egypto,
2456 1974 2546 2017 aut
2574 1967 2629 2018 in
2658 1969 2752 2018 hac
2780 1966 3090 2021 solitudine!
3114 1977 3166 2022 et
3199 1987 3211 2022 :
3245 1970 3325 2022 An
3360 1972 3482 2038 quia

318 2056 427 2125 τῆς
444 2058 661 2128 ἐρήμου
672 2063 905 2129 ταύτης·
931 2064 1041 2126 καὶ,
1060 2064 1223 2131 Παρὰ
1244 2067 1307 2117 τὸ
1324 2066 1408 2133 μὴ
1422 2067 1567 2118 εἷναι
1588 2068 1860 2135 μνήματα

305 2147 387 2199 ..ἐν
412 2151 701 2217 Αἰγύπτῳ,
748 2152 1032 2220 ἐξήγαγες
1084 2153 1258 2221 ἡμᾶς,
1306 2155 1631 2209 θανατῶσαι
1672 2157 1740 2209 ἐν
1785 2156 1860 2223 τῇ

318 2236 511 2305 ἐρήμῳ
528 2255 547 2301 ;
580 2241 640 2292 Τί
666 2240 838 2294 τοῦτο
869 2242 1154 2309 ἐποίησας
1185 2243 1324 2311 ἡμῖν
1349 2245 1647 2314 ἐξαγαγὼν
1673 2246 1740 2309 ἐξ
1763 2248 1859 2300 Αι-

318 2318 576 2396 γῦπτουξ
605 2332 684 2384 Οὐ
708 2332 879 2385 τοῦτο
902 2330 977 2402 ἦν
1000 2335 1064 2387 τὸ
1079 2334 1239 2403 ῥῆμα
1265 2336 1296 2389 ὃ
1317 2336 1702 2405 ἐλαλήσαμεν
1713 2338 1858 2405 πρὸς

318 2421 388 2471 σὲ
414 2420 481 2472 ὲν
500 2422 769 2489 Αἰγύπτῳ
803 2422 1098 2491 λέγοντες·
1128 2426 1317 2493 Πάρες
1346 2424 1518 2494 ἡμᾶς,
1546 2426 1699 2491 ὅπως
1729 2428 1856 2481 δου-

315 2508 621 2578 λεύσωμεν
666 2511 789 2576 τοῖς
834 2515 1202 2581 Αίγυπτίοις;
1230 2514 1523 2581 Κρεῖσσον
1554 2514 1663 2581 τὰρ
1699 2514 1855 2582 ἡμᾶς

316 2597 621 2653 δουλεύειν
667 2602 788 2665 τοῖς
838 2605 1190 2671 Αἰγυπτίοις,
1232 2604 1268 2668 ἢ
1309 2604 1623 2657 ἀποθανεῖν
1667 2604 1734 2656 ἐν
1780 2602 1855 2673 τῇ

316 2688 507 2757 ἐρήμῳ
544 2692 742 2757 ταύτῃ.
778 2694 883 2743 Καὶ
910 2694 1029 2745 ὅσον
1068 2694 1163 2762 μὲν
1203 2696 1285 2745 ἐπ’
1324 2694 1503 2760 αὐτοῖς
1542 2695 1732 2763 πικρὸν
1759 2697 1855 2748 αὐ-

315 2782 426 2839 τοῖς
448 2782 563 2831 ἀντὶ
587 2780 819 2851 χρηστοῦ
848 2783 934 2834 τὸν
959 2784 1086 2835 Θεὸν
1112 2785 1522 2852 κατεστήσαντο.
1570 2785 1625 2837 Ὀ
1648 2785 1703 2837 δὲ
1729 2786 1855 2851 ἀγα-

318 2872 403 2932 θὸς
457 2872 585 2933 Θεὸς
643 2872 879 2924 πλουτῶν
925 2874 1057 2943 ἐλέῳ
1110 2876 1202 2927 καὶ
1249 2874 1637 2945 φιλανθρωπίᾳ,
1697 2876 1853 2928 πάλιν

315 2960 528 3019 ἔσωζεν
558 2961 774 3026 αὐτοὺς
806 2960 1009 3013 ἕνεκεν
1043 2962 1146 3017 τοῦ
1193 2953 1476 3032 ὀνόματος
1508 2965 1709 3028 αὑτοῦ,
1744 2964 1848 3018 to:~

315 3050 592 3117 γνωρίσαι
620 3050 732 3117 τὴν
762 3050 1121 3104 δυναστείαν
1154 3053 1357 3106 αὐτοῦ·
1399 3054 1545 3116 ὅπως
1575 3053 1649 3123 μὴ
1682 3039 1848 3107 etim-

318 3156 399 3192 σιν
437 3143 483 3193 οί
516 3142 747 3204 ἀσεϐεῖς,
783 3142 899 3195 Ποῦ
922 3143 1089 3195 ἐστιν
1115 3144 1142 3193 ὁ
1174 3143 1314 3208 Θεὸς
1342 3143 1563 3206 αὑτῶν;
1588 3144 1673 3196 διὰ
1700 3144 1851 3197 τοῦτο

1958 2052 2193 2120 sepulcra
2227 2069 2327 2107 non
2358 2063 2506 2107 erant
2538 2055 2592 2107 in
2616 2054 2839 2125 [Egypto
2884 2057 3106 2111 eduxisti
3141 2075 3253 2122 nos,
3298 2070 3356 2113 ut
3402 2062 3483 2114 in-

1957 2143 2210 2209 ter/iceres
2242 2143 2299 2194 in
2333 2143 2655 2200 solitudine?
2687 2145 2822 2210 Quid
2863 2146 2956 2199 hoc
2986 2147 3153 2215 fecisti
3183 2148 3327 2202 nobis
3355 2150 3482 2203 edu-

1956 2248 2071 2285 cens
2102 2248 2166 2285 ea:
2200 2232 2467 2302 Egypto?
2496 2233 2679 2288 Nonne
2711 2235 2790 2287 hic
2835 2246 2947 2289 erat
2988 2253 3172 2300 sermo,
3201 2255 3348 2307 quem
3400 2241 3479 2294 lo-

1954 2323 2059 2374 cuti
2098 2338 2276 2376 sumus
2314 2323 2381 2376 ad
2424 2332 2468 2377 te
2499 2325 2554 2377 in
2596 2323 2821 2395 zEgypto
2845 2325 3065 2380 dicentes
3094 2343 3112 2381 :
3145 2326 3359 2382 Dimitte
3387 2347 3479 2383 nos

1952 2419 2009 2464 ut
2041 2413 2323 2465 serviamus
2356 2412 2658 2483 ngyptiis?
2689 2416 2876 2470 Melius
2902 2428 2978 2471 est
3024 2420 3158 2472 enim
3180 2437 3272 2473 nos
3294 2422 3481 2476 servire

1953 2500 2234 2570 Egyptiis,
2265 2520 2420 2573 quam
2452 2508 2584 2565 mori
2606 2508 2659 2560 in
2704 2508 2981 2563 solitudine
3006 2509 3175 2565 hac".
3203 2509 3286 2574 Et,
3310 2524 3479 2580 quan~

1951 2601 2060 2645 tum
2086 2593 2137 2645 in
2163 2594 2293 2662 ipsis
2320 2596 2532 2663 quidem
2568 2599 2730 2651 situm
2762 2607 2897 2662 erat,
2933 2599 3097 2654 Deum
3142 2600 3243 2656 sibi
3274 2618 3337 2664 ex
3367 2604 3477 2657 cle-

1952 2691 2126 2738 mente
2160 2686 2410 2739 acerbum
2446 2686 2765 2740 efﬁciebant.
2797 2688 2866 2740 At
2907 2690 3079 2743 bonus
3109 2689 3268 2756 Deus,
3318 2691 3480 2745 mise-

1951 2774 2180 2827 ricordia
2226 2782 2279 2828 et
2318 2776 2730 2830 mansuetudine
2776 2775 2964 2839 dives,
3022 2792 3209 2831 rursus
3261 2779 3479 2833 saluauit

1949 2881 2033 2918 eos
2074 2873 2280 2933 propter
2320 2881 2505 2919 nomen
2538 2881 2721 2930 suum,
2761 2874 2818 2919 ut
2860 2874 3036 2921 notam
3074 2867 3265 2936 faceret
3299 2866 3478 2936 poten-

1950 2956 2077 3006 tiam
2127 2969 2308 3017 suam;
2346 2970 2414 3008 ne
2458 2954 2608 3023 impii
2656 2954 2938 3009 dicerent:
2974 2954 3071 3008 Ubi
3115 2966 3192 3010 cst
3228 2956 3365 3011 Deus
3390 2968 3507 3012 eo—‘

1947 3045 2152 3097 rum"?
2180 3043 2302 3099 Ideo
2343 3044 2476 3114 ipsis
2513 3046 2737 3101 salutem
2796 3055 2925 3101 tunc
2984 3048 3239 3117 impertiit
3272 3067 3285 3103 :
3317 3049 3478 3103 undi-

1949 3124 2053 3204 que
2075 3135 2194 3188 illos
2224 3134 2290 3189 ad
2316 3135 2918 3207 salutemcompellens.
2949 3136 3029 3189 llli
3054 3144 3227 3191 autem
3258 3137 3381 3191 victi
3410 3138 3475 3190 ad

316 3235 568 3302 παρεῖχεν
594 3234 892 3295 αὐτοῖςκαὶ
918 3233 1036 3285 τότε
1068 3234 1164 3303 τὴν
1196 3235 1480 3304 σωτηρίαν,
1522 3235 1850 3306 πανταχόθεν
1950 3242 2021 3281 ιη(

1774 3235 1850 3287 )εν
1950 3226 2218 3281 modicum
2270 3234 2480 3295 tempus
2522 3227 2699 3281 verbis
2753 3227 3282 3295 ejuscrediderunt,
3330 3239 3477 3297 post-

314 3323 506 3385 αὐτοὺς
552 3323 879 3375 συνελαύνων
922 3324 1011 3375 ἐπὶ
1062 3323 1147 3394 τὴν
1180 3323 1449 3396 σωτηρίαν
1480 3326 1672 3379 αὐτῶν.
1708 3326 1767 3379 Ol
1793 3326 1849 3378 δὲ
1875 3307 1916 3363 C
1948 3334 2015 3388 qu

1199 3323 1449 3396 πωτὴρίαν
1480 3326 1672 3379 αὐτῶν,
1708 3326 1767 3379 Οῑ
1793 3326 1849 3378 δὲ
1875 3307 1916 3363 C
1948 3332 2105 3388 quam
2136 3330 2283 3370 mare
2301 3315 2541 3370 Rubrum
2567 3316 2904 3373 transierant.

312 3412 617 3481 νικηθέντες
654 3414 785 3483 πρὸς
834 3414 930 3483 μὲν
967 3413 1141 3483 ὀλίγον
1175 3416 1493 3469 ἐπίστευσαν
1533 3418 1640 3480 τοῖς
1675 3410 1851 3484 λόγοις
1882 3408 2063 3470 αὐτοῦ,
2088 3406 2379 3470 διελθόντες
2396 3408 2494 3477 τὴν
2536 3406 2794 3477 Ἐρυθρὰν
2825 3406 3111 3461 θάλασσαν.

381 3504 487 3555 Kal
532 3504 846 3572 ἐπετίμησε
889 3503 958 3572 τῇ
1000 3505 1236 3573 Ἐρυθρᾷ
1282 3506 1589 3575 θαλάσσῃ,
1633 3508 1728 3561 καὶ
1762 3506 1851 3570 ἐξ·

311 3592 558 3661 ηρὰνθη,
598 3594 695 3645 καὶ
737 3593 1047 3663 ὡδήγησεν
1076 3598 1293 3661 αὐτοὺς
1321 3598 1387 3649 ὲν
1407 3599 1649 3664 ἀϐύσσῳ
1679 3600 1755 3664 ὡς
1782 3599 1851 3651 ὲν

308 3683 519 3751 ἐρήμῳ.
576 3683 633 3734 Ὁ
678 3684 998 3753 ἐπιτιμήσας
1046 3687 1111 3754 τῇ
1170 3686 1399 3757 Ἐρυθρᾷ
1438 3686 1677 3759 θαλάσσῃ
1715 3690 1846 3740 πᾶσι

305 3776 437 3837 Θεὸς
469 3775 892 3845 ἀνωμολόγηται.
932 3777 993 3829 El
1027 3774 1117 3829 οὖν
1151 3779 1244 3829 καὶ
1289 3778 1489 3847 Ἰησοῦς
1521 3778 1846 3851 κλονουμένῃ

293 3867 582 3925 ,ἐπιτάσσει
615 3870 682 3937 τῇ
713 3867 971 3938 θαλάσση,
997 3870 1128 3921 πᾶσι
1151 3867 1278 3930 Θεὸς
1307 3869 1731 3939 ἀνωμολόγηται,
1761 3870 1845 3922 ἴνα

306 3960 371 4011 ἐκ
409 3958 696 4030 τρικυμίας
734 3959 766 4028 ἢ
804 3960 1064 4029 κλύδωνος
1093 3959 1292 4028 γαλήνη
1337 3959 1572 4028 γένηται.
1614 3961 1741 4024 Θεὸς
1772 3960 1845 4014 ὢν

290 4052 464 4115 ,αὐτὸς
505 4053 533 4103 ὁ
560 4054 893 4122 ἐπιτιμήσας¹
923 4054 984 4120 τῇ
1028 4052 1258 4120 Ἐρυθρᾷ
1282 4051 1517 4122 θαλάσσῃ
1545 4052 1635 4103 καὶ
1664 4051 1846 4121 ξηραί-

304 4159 408 4194 νων
438 4142 620 4211 αὐτὴν,
651 4143 724 4204 ὡς
756 4141 1082 4208 διοδεύσιμον
1114 4142 1280 4209 αὐτὴν
1308 4142 1570 4207 γενέσθαι,
1610 4142 1705 4210 τὴν
1744 4141 1845 4193 πά-

303 4230 390 4283 λαι
416 4230 682 4284 θάλασσαν
709 4230 800 4282 καὶ
827 4231 1056 4284 ᾰὸυσσον
1079 4230 1166 4282 διὰ
1192 4230 1250 4281 τὸ
1275 4229 1385 4281 τῶν
1411 4230 1610 4282 ὑδάτων
1644 4232 1842 4299 πλῆθος

303 4320 447 4385 οὕτω
469 4321 629 4374 καλου
637 4322 819 4391 μένην.

373 4412 481 4467 Kal
516 4412 706 4466 ἔσωσε
748 4411 963 4477 αὐτοὺς
1012 4412 1078 4463 ἐκ
1126 4411 1317 4479 χειρὸς
1355 4408 1692 4491 μισοῦντος,
1746 4410 1843 4463 καὶ

304 4503 673 4573 ἐλυτρώσατο
693 4502 909 4568 αὐτοὺς
931 4504 1001 4555 ἐκ
1027 4504 1218 4572 χειρὸς
1246 4498 1475 4569 ἐχθροῦ.
1516 4500 1841 4569 Ἐκάλυψεν

303 4592 458 4662 ὕδωρ
490 4583 629 4659 τοὺς
672 4590 1254 4657 θλίϐονταςραύτοὺς,
1298 4586 1383 4656 εἷς
1414 4590 1479 4655 ἐξ
1506 4586 1699 4644 αὐτῶν
1730 4593 1839 4660 οὐχ

302 4687 646 4754 ὑπελείφθη.
686 4685 900 4756 Ζητήσῃ
931 4701 1012 4747 τις
1056 4683 1120 4737 ἂν
1150 4684 1270 4755 περὶ
1297 4683 1401 4735 τῶν
1427 4683 1721 4753 ἐπιμίκτων
1748 4684 1841 4736 Αἰ-

2018 3498 2179 3553 Vsns.
2198 3497 2249 3551 9.
2270 3496 2338 3550 Et
2362 3498 2613 3565 increpuit
2634 3513 2777 3550 mare
2803 3496 3054 3562 Rubrum,
3085 3508 3139 3552 et
3160 3502 3477 3558 exsiccatum

1945 3602 2043 3659 est,
2073 3600 2119 3645 ει
2144 3588 2356 3643 deduxit
2381 3606 2465 3643 eos
2484 3592 2537 3642 in
2588 3589 2772 3659 abysso
2827 3594 2961 3643 sicut
3012 3590 3066 3643 in
3116 3590 3337 3653 deserto.
3372 3595 3476 3662 Qui

1945 3682 2211 3749 increpuit
2238 3694 2382 3733 mare
2415 3678 2677 3742 Rubrum,
2715 3678 2780 3732 ab
2813 3676 3061 3734 omnibus
3093 3678 3233 3735 Deus
3260 3681 3474 3740 habitus

1944 3780 1996 3826 et
2018 3772 2317 3826 declaratus
2368 3779 2470 3826 est.
2508 3770 2641 3824 Cum
2697 3784 2825 3839 ergo
2869 3755 3039 3825 Jesus'
3083 3771 3287 3841 agitato
3336 3777 3474 3831 mari

1945 3860 2191 3928 imperat,
2233 3860 2370 3929 apud
2392 3874 2577 3914 omnes
2603 3859 2657 3911 in
2706 3857 2951 3913 confesso
2981 3858 3081 3913 fuit
3123 3860 3298 3930 ipsum
3350 3880 3472 3922 esse

1942 3947 2130 4013 Deum,
2164 3955 2222 4001 ut
2266 3964 2334 4007 ex
2372 3955 2687 4017 tempestate
2719 3955 2771 4000 et
2824 3948 3079 4018 procella,
3106 3952 3471 4020 tranquillitas

1941 4039 2245 4094 exsisteret.
2302 4037 2449 4093 idem
2487 4036 2684 4106 quippe
2731 4034 2871 4091 Deus
2912 4042 2996 4093 est
3044 4040 3141 4110 ‘qui
3175 4042 3472 4113 increpavit

1940 4143 2087 4184 mare
2118 4127 2360 4183 Rubrum
2382 4137 2435 4183 et
2458 4128 2747 4184 exsiccavit
2765 4129 2924 4192 illud,
2959 4130 3032 4183 ita
3058 4140 3117 4185 ut
3153 4137 3470 4202 pertransiri

1940 4230 2123 4290 posset
2152 4220 2225 4284 id.
2285 4220 2428 4289 quod
2472 4220 2600 4274 olim
2642 4220 2714 4275 ob
2755 4221 3150 4292 multitudinem
3212 4239 3467 4296 aquarum

1940 4326 2086 4365 mare
2112 4320 2164 4364 et
2186 4310 2413 4380 abyssus
2432 4310 2743 4366 vocabatur.

2013 4401 2167 4457 Vsus.
2206 4402 2291 4465 10,
2318 4401 2402 4457 11».
2436 4400 2506 4455 Et
2526 4404 2744 4456 saluauit
2772 4419 2858 4457 eos
2878 4402 2939 4457 de
2961 4419 3119 4459 manu
3138 4402 3392 4471 ‘odientis,
3419 4419 3468 4462 et

1938 4496 2151 4560 redemit
2170 4511 2254 4548 eos
2280 4494 2342 4548 de
2368 4487 2524 4565 manu
2558 4495 2771 4548 inimici.
2801 4494 3015 4563 Operuit
3047 4514 3183 4566 aqua
3211 4498 3469 4552 tribulan-

1940 4594 2011 4641 tes
2038 4603 2144 4651 eos,
2170 4602 2302 4640 unus
2331 4599 2395 4639 ex
2427 4586 2498 4639 eis
2530 4601 2631 4639 non
2659 4586 2923 4640 remansit.
2947 4586 3159 4652 Quaerat
3178 4589 3465 4658 quispiam,

1938 4677 2005 4732 de
2027 4677 2346 4747 promiscuis
2397 4672 2665 4749 Egyptiis
2692 4677 2785 4746 qui
2831 4691 2978 4732 mare
3031 4679 3377 4742 transierunt,
3412 4686 3466 4732 et

304 4775 564 4843 γυπτίων,
591 4774 695 4827 τῶν
720 4774 1027 4827 διελθόντων
1056 4774 1151 4845 τὴν
1181 4772 1465 4835 θάλασσαν,
1514 4773 1604 4825 καὶ
1635 4775 1712 4836 είς
1741 4772 1839 4845 τὴν
1868 4794 1912 4849 D
1939 4786 2009 4824 un

1757 4772 1839 4845 ιὴν
1868 4794 1912 4849 D
1939 4780 2195 4824 una'cum
2224 4770 2420 4840 populo
2458 4770 2513 4821 in
2556 4768 2769 4826 deserto
2822 4768 3192 4823 versabantur.
3229 4764 3329 4823 Cui
3375 4769 3462 4823 fe-

305 4863 505 4933 ερημον
528 4863 638 4937 ἅμα
660 4862 737 4932 τῷ
761 4862 871 4932 λαῷ
894 4863 1212 4931 γενομένων.
1242 4861 1379 4931 Πρὸς
1402 4861 1458 4913 δν
1481 4863 1726 4933 ἐροῦμεν,
1755 4863 1836 4915 ὅτι
1940 4877 2010 4930 sp<

1758 4863 1836 4915 ὖτι
1940 4860 2344 4930 spondebimus,
2373 4875 2468 4915 eos
2508 4873 2616 4913 non
2673 4857 2737 4914 ex
2778 4854 3005 4913 numero
3052 4860 3463 4930 opprimentium

309 4952 381 5021 μὴ
408 4952 513 5005 τῶν
546 4952 825 5004 θλιϐόντων
859 4946 995 5021 ἦσαν
1040 4951 1129 5002 τὸν
1174 4950 1400 5019 Ἰσραήλ.
1456 4951 1587 5021 Περὶ
1632 4953 1687 5004 δὲ
1731 4952 1837 5005 τῶν

305 5042 583 5095 θλιϐόντων
609 5041 789 5113 εἴρητο
811 5041 889 5105 τὸ,
920 5035 1021 5105 Εἷς
1044 5039 1111 5104 ἐξ
1136 5039 1330 5093 αὐτῶν
1357 5044 1466 5110 οὐχ
1490 5044 1833 5111 ὑπελείφθη.

317 5135 373 5189 Ὀ
392 5136 448 5189 δέ
476 5139 755 5208 ἐπίμικτος
784 5136 908 5199 λαὸς
934 5135 1223 5204 Αἰγύπτιος
1252 5136 1348 5205 μὲν
1370 5132 1459 5206 ἦν,
1491 5136 1755 5191 πιστεύων
1779 5137 1837 5190 δὲ

303 5230 420 5291 ταῖς
445 5230 714 5293 Μωῦσέως
752 5232 969 5297 φωναῖς,
998 5228 1261 5297 σωτηρίας
1290 5227 1491 5297 ἔτυχεν.

373 5320 479 5372 Kal
506 5319 870 5373 ἐπίστευσαν
894 5319 972 5384 τῷ
997 5320 1153 5388 λόγῳ
1183 5318 1385 5377 αὑτοῦ,
1416 5319 1510 5371 καί
1536 5314 1695 5389 ᾖσαν
1724 5319 1839 5389 τὴν

303 5410 533 5464 αἴγεσιν
572 5408 772 5464 αὐτοῦ.
832 5411 1170 5479 Ἐτάχυναν,
1204 5408 1575 5475 ’ἐπελάθοντο
1603 5409 1718 5462 τῶν
1744 5411 1843 5478 ἕρε-

304 5518 416 5571 re”
457 5499 658 5563 αὑτοῦ,
701 5501 812 5568 οὐχ
859 5502 1178 5570 ὑπέμειναν
1212 5501 1325 5569 τὴν
1358 5498 1597 5565 ,ϐουλὴν
1629 5501 1831 5554 αὐτοῦ.

306 5594 406 5646 Σὺν
428 5591 502 5661 τῷ
525 5592 726 5661 Μωῦσῇ
752 5591 843 5644 καὶ
876 5591 1079 5663 ’Δαρὼν
1104 5592 1199 5664 τὴν
1217 5592 1355 5662 ᾠδὴν
1383 5590 1477 5660 τὴν
1501 5592 1558 5643 ἐν
1582 5591 1646 5660 τῇ
1673 5590 1832 5660 ἐξόδῳ

307 5682 608 5755 παραυτίκα
624 5682 715 5734 καὶ
727 5682 1057 5753 παραχρῆμα
1082 5682 1527 5752 μεταϐαλλόμενοι
1550 5682 1828 5749 ἐτάχυναν,

304 5775 617 5829 ἐπελάθοντο
645 5773 749 5826 τῶν
770 5773 940 5845 ἔργων
965 5775 1144 5827 αὐτοῦ.

1940 4952 2186 5007 lsraelem
2238 4950 2423 5005 fuisse.
2456 4949 2530 5005 De
2581 4951 2958 5006 tribulantibus
3030 4959 3205 5005 autem
3260 4950 3463 5004 dictum

1940 5051 2023 5097 est
2052 5058 2064 5093 :
2102 5040 2243 5094 Unus
2268 5056 2332 5095 ex
2358 5043 2432 5095 eis
2464 5056 2565 5095 non
2615 5044 2881 5096 remansit.
2946 5041 3309 5098 Promiscuus.
3336 5057 3464 5096 vero

1940 5129 2188 5200 populus,
2211 5127 2494 5200 Egyptius
2519 5128 2734 5198 quidem
2786 5138 2921 5195 erat,
2950 5128 3043 5183 sed
3091 5141 3214 5182 cum
3264 5126 3465 5197 Moysis

1935 5222 2157 5275 vocibus
2181 5220 2441 5283 crederet,
2477 5221 2701 5275 salutem
2737 5226 2818 5274 est
2841 5224 3182 5272 consecutus.

2003 5310 2166 5366 Vsus.
2210 5310 2296 5375 12,
2324 5311 2408 5366 1⁸5.
2434 5308 2502 5365 Et
2532 5309 2855 5363 crediderunt
2882 5307 3030 5361 verbo
3050 5305 3184 5374 ejus,
3206 5316 3257 5360 et
3281 5315 3464 5360 canta-

1933 5412 2109 5458 verunt
2158 5400 2363 5455 laudem
2406 5401 2539 5470 ejus.
2562 5398 2677 5455 Cito
2722 5399 2969 5466 fecerunt,
3000 5396 3149 5450 obliti
3186 5406 3309 5455 sunt
3344 5413 3461 5464 ope—

1933 5482 2048 5549 rum
2076 5494 2209 5563 ejus,
2266 5510 2369 5547 non
2411 5494 2765 5547 sustinuerunt
2820 5488 3091 5542 consilium
3146 5489 3279 5556 ejus.
3322 5486 3462 5557 Cum

1935 5586 2115 5656 Moyse
2158 5591 2210 5638 et
2236 5583 2411 5640 Aaron
2436 5586 2489 5637 in
2509 5584 2651 5639 exitu
2678 5580 2945 5635 canticum
2995 5578 3336 5641 cecinerunt;
3364 5579 3460 5633 sed

1935 5676 2329 5747 quamprimum
2353 5684 2407 5733 et
2453 5675 2632 5732 statim
2656 5672 2937 5739 immutati,
2976 5671 3129 5726 obliti
3171 5677 3296 5726 sunt
3330 5684 3463 5741 ope-

1932 5784 2049 5823 rum
2079 5768 2219 5837 ejus.

371 5894 417 5925 "
452 5890 610 5947 Num.
642 5906 748 5957 xlv,
781 5890 831 5944 ὅ.
904 5889 1152 5978 ⁷¹.Εκο(1.
1190 5907 1299 5958 xiv,
1334 5890 1417 5955 ll,
1454 5888 1540 5946 li.
1608 5888 1657 5923 "
1695 5886 1837 5943 Psal.
1875 5898 2042 5953 exin,
2077 5886 2164 5939 w.
