4318 6436
837 489 976 552 {MS

1527 493 1788 549 EUSEBll
1819 482 2288 585 CESARJENSIS
2313 479 2462 545 ΟΡΡ.
2499 481 2677 544 PARS
2715 480 2801 545 Ill.
2831 509 2898 536 —‘-
2930 481 3332 548 EXEGETICA.
3404 526 3406 528 τ

3889 498 4028 559 15H:

906 609 1072 666 Vitas.
1116 609 1300 666 1448.
1338 610 1403 662 Ει
1435 613 1806 679 concupierunt
1832 610 2299 679 concupiscentiam
2327 610 2380 661 in
2407 616 2456 672 Α
2551 613 2611 663 Κι

2327 610 2380 661 in
2407 616 2456 672 Α
2551 609 2660 663 Kal
2705 609 3086 679 ἐπεθύμησαν
3132 611 3447 679 ἐπιθυμίαν
3483 611 3551 665 ἐν
3576 602 3650 680 τῇ
3679 613 3891 684 ἐρήμῳ,
3933 618 4031 674 καὶ

836 706 1063 765 deserto,
1094 713 1143 756 et
1169 712 1490 756 tentaverunt
1545 702 1711 755 Deum
1745 703 1796 755 in
1837 703 2106 770 inaquoso.
2145 698 2209 752 Et
2243 699 2383 752 dedit

836 796 912 848 eis
941 794 1238 862 petitionem
1269 794 1522 861 ipsorum,
1543 805 1590 846 et
1628 794 1774 845 misit
1817 792 2150 846 saturitatem
2182 793 2238 844 in
2275 795 2383 844 ani-

837 902 952 939 mas
980 901 1176 940 eorum.
1209 883 1278 936 Et
1316 885 1653 937 irritaverant
1701 883 1919 954 Moysen
1961 884 2015 936 in
2048 883 2260 946 castris,
2282 883 2383 934 Aa-

837 993 953 1040 ron,
977 986 1212 1028 sanctum
1246 976 1476 1029 Domini.
1501 975 1728 1039 Quando
1761 983 2105 1029 tentaverunt
2127 973 2290 1028 Deum
2327 974 2378 1026 in

836 1067 1246 1136 inaquoso,elsi
1295 1066 1681 1120 tentationibus
1739 1064 1827 1118 ille
1873 1081 1979 1118 non
2032 1068 2228 1134 pateat.
2257 1080 2379 1118 cum

836 1159 1156 1226 injuriarum
1187 1157 1468 1210 immemor
1498 1157 1588 1218 sit,
1626 1171 1732 1209 non
1766 1155 1910 1208 ultus
1960 1171 2074 1218 eos,
2113 1153 2258 1208 dedit
2300 1155 2379 1207 eis

833 1249 1143 1320 petitionem
1180 1247 1438 1315 ipsorum.
1463 1245 1604 1311 Quin
1645 1247 1804 1299 etiam
1844 1261 1967 1298 cum
1996 1245 2378 1300 exacerbarent

832 1354 952 1394 eum
984 1338 1339 1393 ascendentes
1383 1337 1439 1390 in
1488 1351 1636 1390 mare
1683 1332 1950 1398 Rubrum,
1980 1345 2110 1389 tunc
2143 1336 2377 1390 ostendit

830 1430 908 1484 eis
941 1427 1232 1509 potentiam
1265 1440 1417 1480 suam
1454 1444 1466 1478 :
1497 1441 1618 1479 cum
1642 1433 1821 1478 autem
1854 1425 2201 1478 irritaverant
2233 1423 2379 1494 Moy-

829 1537 924 1576 seu
953 1512 1009 1574 et
1036 1520 1215 1572 Aaron
1251 1519 1306 1572 in
1359 1518 1574 1580 castris,
1598 1526 1729 1571 tunc
1783 1525 1969 1586 aperta
2026 1523 2109 1570 est
2136 1525 2298 1576 terra,
2324 1523 2376 1569 et

828 1612 1109 1682 deglutivit
1137 1625 1231 1665 eos
1265 1629 1278 1664 :
1310 1626 1418 1665 non
1441 1609 1720 1679 oportebat
1742 1609 1886 1663 enim
1920 1607 2151 1662 famulos
2205 1608 2375 1676 ipsius

827 1702 1122 1757 contemni.
1159 1700 1264 1755 Sed
1321 1702 1478 1778 quia.
1506 1700 1718 1754 bonitas
1766 1706 1819 1753 et
1895 1699 2157 1752 severitas
2196 1695 2375 1776 ipenes

828 1794 980 1846 illum
1008 1798 1163 1856 sunt,
1195 1791 1368 1866 primo
1393 1789 1776 1860 benignitatem
1803 1789 2047 1842 exhibuit
2074 1789 2216 1855 illis;
2251 1805 2374 1843 cum

754 1864 765 1873 ’
827 1891 1008 1938 autem
1054 1883 1186 1936 nihil
1242 1864 1523 1957 prodesset
1576 1882 1674 1944 eis,
1705 1888 2100 1951 consequenter
2128 1880 2372 1934 ultricem

2485 700 2808 768 ἐπείρασαν
2848 702 2954 754 τὸν
2994 702 3142 755 Θεὸν
3181 703 3249 755 ὲν
3277 702 3528 770 ἀνύδρῳ.
3561 696 3668 758 Kal
3697 705 3915 761 ἔδωκεν
3938 713 4037 763 αὺὸ

2485 794 2607 860 τοῖς
2642 794 2707 849 τὸ
2753 795 2969 863 αἴτημα
3006 794 3221 858 αὐτῶν,
3259 794 3643 859 ἐξαπέστειλε
3678 799 4034 868 πλησμονὴν

2483 887 2569 951 εις
2593 885 2698 950 τὰς
2725 885 2927 954 ψυχὰς
2958 884 3172 939 αὐτῶν.
3204 887 3314 940 Kal
3344 886 3699 955 παρώξυναν
3729 889 3834 942 τόν
3871 891 4036 945 Man)-

2483 975 2607 1044 σῆν
2652 975 2721 1027 ἐν
2769 974 2844 1043 τῇ
2892 975 3254 1045 παρεμϐολῇ,
3304 976 3411 1031 τὸν
3466 977 3694 1045 Ἀαρὼν,
3729 979 3835 1032 τὸν
3869 980 4036 1050 ἅγιον

2483 1068 2722 1133 Κυρίου.
2755 1067 2881 1118 Ὅτε
2933 1064 3030 1137 μὲν
3073 1066 3164 1119 τὸν
3197 1067 3327 1120 Θεὸν
3367 1068 3660 1139 ἐπείρασαν
3700 1069 3758 1121 ἐν
3802 1071 4033 1142 ἀνύδρῳ,

2482 1156 2826 1226 ἀπείραστός,
2857 1154 2933 1208 ὢν
2961 1157 3356 1226 ἀμνησίκακος,
3397 1157 3495 1210 οὐκ
3534 1159 3902 1229 ἀμειψάμενος
3942 1162 4035 1214 αὺ-

2482 1245 2606 1306 τοὺς
2635 1244 2830 1297 ἔδωκεν
2860 1246 3040 1310 αὐτοῖς
3073 1247 3133 1299 τὸ
3164 1245 3370 1316 αἴτημα
3393 1246 3589 1300 αὐτῶν.
3639 1248 3797 1302 Ἀλλὰ
3827 1250 3922 1301 καὶ
3947 1251 4034 1303 ὅτε

2483 1337 2895 1408 παρεπίκραναν
2926 1337 3300 1401 ἀναϐαίνοντες
3327 1340 3384 1391 ἐν
3411 1343 3477 1410 τῇ
3513 1340 3741 1411 Ἐρυθρᾷ
3771 1341 4030 1415 θαλάσσῃ,

2482 1429 2575 1482 καί
2599 1430 2718 1482 τότε
2752 1429 3043 1498 ἐγνώρισεν
3065 1431 3248 1492 αὐτοῖς
3271 1431 3369 1501 τὴν
3389 1431 3700 1485 δυναστείαν
3729 1432 3912 1485 αὐτοῦ’
3946 1433 4033 1486 ὅτε

2479 1521 2536 1574 δὲ
2567 1522 2918 1593 παρώργισαν
2945 1523 3035 1574 τὸν
3062 1522 3300 1592 Μωῦσῆν
3341 1522 3432 1575 καὶ
3472 1523 3562 1576 τὸν
3612 1523 3819 1593 Ἀαρὼν
3867 1526 3926 1576 ἐν
3969 1525 4032 1596 τῇ

2481 1611 2816 1682 παρεμϐολῇ,
2863 1611 2921 1664 τὸ
2964 1612 3264 1681 τηνικαῦτα
3311 1611 3529 1682 ἠνοίχθη
3560 1614 3594 1684 ἡ
3629 1615 3720 1686 γῆ,
3751 1615 3847 1669 καὶ
3875 1615 4034 1669 κατέ-

2480 1721 2600 1756 πιεν
2627 1704 2838 1768 αὐτούς·
2871 1705 2970 1757 οὐκ
2999 1705 3104 1757 ἔδει
3142 1705 3260 1776 γὰρ,
3293 1707 3764 1777 καταφρονηθῆναι
3795 1709 3918 1771 τοὺς
3955 1707 4036 1760 θε-

2481 1794 2771 1865 ράποντας.
2827 1794 2986 1848 Ἀλλὰ
3035 1797 3128 1848 καὶ
3171 1795 3400 1865 ἐπείπερ
3437 1797 3738 1867 χρηστότης
3782 1799 3898 1850 ἐστὶ
3940 1799 4033 1851 καὶ

2480 1882 2747 1954 ἀποτομία
2776 1885 2899 1954 παρ’
2924 1885 3090 1954 αὐτῷ,
3124 1884 3315 1955 πρῶτα
3345 1885 3412 1938 τὰ
3436 1885 3533 1955 τῆς
3563 1887 3923 1955 χρηστότητος
3946 1887 4033 1939 αὐ-

826 1974 1088 2028 medelam
1131 1973 1263 2042 ipsis
1312 1971 1560 2052 adhibet;
1594 1984 1760 2038 quare
1807 1969 1993 2022 subdit
2023 1987 2036 2022 :
2065 1968 2263 2036 Aperta
2295 1976 2373 2021 est
2407 1971 2447 2026 Β
2472 1992 2531 2027 το

2326 1976 2373 2021 δε
2407 1971 2447 2026 Β
2472 1978 2583 2038 τοῖς
2607 1975 2928 2047 παρέσχετο·
2960 1975 3035 2039 ὡς
3067 1977 3124 2029 δὲ
3149 1978 3249 2029 οὐκ
3278 1974 3481 2030 ὤναντο
3501 1977 3567 2030 δι’
3597 1978 3785 2048 αὐτῆς,
3819 1977 4031 2031 ἀκολού-

828 2074 987 2128 terra,
1035 2073 1083 2117 et
1117 2062 1388 2131 deglutivit
1437 2060 1671 2126 Dathan,
1695 2069 1743 2112 et
1792 2059 1992 2127 operuit
2038 2074 2191 2126 super
2223 2068 2376 2126 caput

825 2156 1043 2209 Abiron.
1091 2153 1158 2206 Et
1181 2155 1379 2207 exarsit
1408 2153 1542 2221 ignis
1570 2152 1622 2203 in
1645 2167 1905 2220 synagoga
1927 2166 2124 2216 eorum,
2157 2151 2376 2218 ﬂamma

824 2244 1108 2299 combussit
1156 2252 1472 2311 peccatores.
1525 2239 1746 2311 Moysen
1794 2241 1975 2309 itaque
2026 2239 2376 2294 irritaverunt

825 2337 1034 2390 Dathan
1057 2344 1108 2388 et
1137 2333 1341 2388 Abiron
1361 2333 1604 2387 dicentes
1645 2351 1659 2386 :
1703 2329 1846 2383 Num
1880 2329 2054 2400 Moysi
2084 2330 2186 2384 soli
2227 2331 2376 2384 locu-

824 2439 907 2482 tus
938 2435 1015 2481 est
1049 2426 1208 2491 Deus,
1250 2441 1418 2478 nonne
1454 2425 1611 2477 etiam
1656 2422 1903 2476 nobis"?
1939 2423 2206 2476 Aaronem
2248 2439 2376 2477 vero

820 2520 962 2574 Core
992 2526 1047 2572 et
1073 2526 1249 2571 coetus
1300 2515 1465 2580 illius,
1513 2515 1692 2584 ignem
1736 2514 1995 2579 alienum,
2023 2523 2076 2569 et
2110 2515 2373 2569 sacrificia

822 2610 933 2665 Deo
959 2611 1080 2663 loco
1110 2606 1453 2663 sacerdotum
1473 2605 1666 2660 oﬂerre
1689 2605 1828 2668 ausi,
1871 2605 2237 2660 irritaverunt.
2267 2604 2374 2660 Sed

820 2715 928 2756 eos
941 2687 1031 2770 ἶιυὶ
1055 2706 1243 2754 contra
1271 2696 1491 2767 Moysen
1514 2695 1680 2750 locuti
1711 2693 1944 2758 fuerant,
1975 2693 2182 2749 Dathan
2223 2688 2371 2749 Scili-

821 2800 910 2847 cet
933 2806 1057 2846 cum
1091 2798 1206 2844 toto
1239 2804 1434 2860 genere
1461 2802 1561 2843 suo
1593 2786 1775 2852 hians,
1801 2791 1944 2841 terra
1987 2788 2285 2858 deglutivit,
2318 2795 2371 2842 et

781 2935 784 2940 .
821 2884 1036 2955 operuit
1092 2897 1254 2950 super
1302 2879 1775 2950 congregationem
1815 2879 2051 2944 Abiron;
2085 2877 2224 2933 Core
2271 2893 2367 2932 au-

818 2984 928 3032 tem
958 2982 1012 3030 et
1033 2990 1126 3030 eos
1154 2973 1246 3043 qui
1278 2987 1402 3026 cum
1433 2972 1526 3025 illo
1554 2971 1774 3025 incensa
1807 2985 1902 3026 sua
1926 2971 2160 3025 oblaturi
2189 2980 2362 3037 erant,

795 3059 1030 3121 'flamma
1060 3064 1126 3118 de
1156 3057 1503 3116 tabernaculo
1536 3060 1789 3129 prodiens
1809 3060 2126 3114 combussit.

2479 2065 2585 2129 θως
2617 2065 2934 2138 καταλλήλῳ
2980 2066 3300 2138 μετέρχεται
3337 2067 3531 2131 αὐτοὺς
3571 2069 3845 2138 φαρμάκῳ
3880 2067 4033 2122 κολα-

2481 2157 2700 2227 στηρίῳ·
2751 2158 3022 2226 Ἠνοίχθη
3057 2159 3095 2226 ἠ
3127 2158 3228 2227 γῆ,
3263 2160 3357 2212 καὶ
3396 2160 3635 2212 κατέπιε
3677 2161 3890 2226 Δαθὰν,
3933 2160 4033 2214 καί

2477 2247 2786 2316 ἐκάλυψεν
2822 2248 2919 2301 ἐπὶ
2963 2249 3077 2316 τὴν
3144 2248 3419 2318 κεφαλὴν
3469 2247 3746 2316 Ἀὸειρών.
3788 2250 3896 2302 Καὶ
3933 2249 4029 2313 ἑξ-

2483 2341 2707 2406 εκαύθη
2733 2337 2850 2406 πῦρ
2881 2339 2949 2393 ἐν
2983 2338 3057 2408 τῇ
3093 2340 3410 2410 συναγωγῇ
3430 2339 3645 2402 αὐτῶν,
3674 2337 3828 2407 φλὸξ
3867 2337 4034 2393 κατέ-

2477 2430 2700 2498 φλεξεν
2727 2431 3128 2499 ἁμαρτωλούς.
3162 2433 3401 2502 Μωῡσῆν
3433 2432 3530 2502 μὲν
3558 2427 3649 2485 οὖν
3678 2431 4032 2503 παρώργισαν

2479 2523 2528 2575 οἱ
2558 2523 2685 2588 περὶ
2721 2523 2894 2576 Δαθὰν
2938 2523 3032 2576 καὶ
3083 2523 3337 2594 Ἀὅειρὼν
3366 2525 3626 2586 εἰπόντες·
3657 2523 3753 2591 Μὴ
3796 2523 4038 2578 Μωῦσεῖ

2469 2610 2634 2678 μόνῳ
2669 2606 3008 2680 λελάληκεν
3049 2615 3081 2665 ό
3123 2612 3286 2678 Θεὸς,
3333 2612 3469 2682 οὐχὶ
3519 2613 3617 2667 καὶ
3649 2613 3824 2682 ἠμῒν;
3860 2615 3951 2667 τὸν
3975 2616 4032 2668 δὲ

2486 2699 2692 2773 Ἀαρὼν
2720 2703 2865 2774 Κορὲ
2898 2704 3047 2774 καὶή
3092 2705 3379 2776 συναγωγὴ
3417 2703 3580 2758 αὐτοῦ
3610 2704 3719 2776 πῦρ
3756 2704 4031 2778 ἀλλότριον
4113 2712 4115 2716 ’

2472 2797 2859 2863 προσαγαγεῖν,
2887 2796 2982 2848 καί
3007 2795 3196 2859 θυσίας
3220 2796 3296 2866 τῷ
3321 2796 3438 2867 Θεῷ
3458 2799 3516 2850 ἐν
3541 2796 3692 2868 χώρᾳ
3714 2796 3821 2850 τῶν
3843 2797 4030 2868 ἱερέων

2471 2883 2853 2954 τολμήσαντες,
2887 2885 3414 2957 παρώργισανοάλλὰ
3444 2889 3568 2952 τοὺς
3610 2890 3706 2960 μὲν
3738 2888 4032 2965 καταλαλή-

2474 2990 2672 3037 σαντας
2696 2975 2790 3054 τοῦ
2813 2977 3106 3043 Μωῦσέως,
3133 2978 3222 3031 τὸν
3239 2978 3414 3032 Δαθὰν
3443 2981 3702 3048 παγγενεῖ
3725 2979 4029 3050 ἀνοιχθεῖσα

2470 3067 2503 3134 ἡ
2535 3066 2604 3137 γῆ
2628 3067 2872 3131 κατέπιε,
2897 3069 2989 3121 καὶ
3007 3069 3270 3138 ἐκάλυψεν
3294 3071 3385 3123 ἐπὶ
3408 3071 3505 3141 τὴν
3522 3072 3840 3142 συναγωγὴν
3866 3070 4027 3123 Ἀϐειε

816 3160 943 3233 ρὼν’
981 3159 1071 3212 τὸν
1125 3158 1180 3210 δὲ
1224 3152 1365 3224 Κορέ
1416 3153 1508 3206 καὶ¹
1556 3154 1681 3216 τοὺς
1708 3153 1802 3206 σὺν
1824 3139 1970 3224 αὐτῷ
1994 3153 2283 3224 μέλλοντας
2313 3159 2640 3226 προσφέοειν
2679 3164 2749 3215 τὰ
2783 3161 3128 3235 θυμιατήρια
3169 3162 3346 3218 αυτῶν
3390 3139 3523 3233 φλόξ
3559 3139 4021 3237 ἀπὺντῆςνσκηνῆς

817 3254 1153 3331 προελθοῦσα
1190 3249 1532 3318 κατέφλεξεν.

885 3348 1053 3404 V-ens.
1090 3345 1267 3400 19-51.
1315 3343 1382 3397 Et
1421 3343 1654 3412 fecerunt
1707 3343 1930 3397 vitulum
1973 3344 2026 3398 in
2073 3343 2293 3409 Choreb,
2312 3351 2360 3398 et
2387 3350 2434 3411 ο
2531 3349 2590 3399 Kc

2314 3351 2360 3398 et
2387 3350 2434 3411 ο
2531 3345 2640 3399 Kal
2667 3345 2963 3414 ἐποίησαν
2989 3347 3224 3416 μόσχον
3247 3347 3317 3400 ἐν
3339 3346 3562 3416 Χωρὴϐ,
3599 3347 3698 3401 καὶ
3725 3352 4019 3416 προσεκύ-

814 3443 1168 3517 adoraverunt
1209 3436 1468 3505 sculptile,
1494 3444 1543 3490 et
1585 3445 1914 3489 mutaverunt
1947 3435 2172 3505 gloriam
2213 3451 2366 3489 suam

814 3537 869 3589 in
922 3529 1317 3586 similitudinem
1352 3529 1497 3582 vituli
1561 3527 1876 3582 comedentis
1923 3595 1927 3597 _
1945 3527 2140 3596 fenum.
2203 3525 2367 3582 Obliti

813 3631 938 3678 sunt
989 3621 1153 3675 Deum
1191 3623 1282 3691 qui
1349 3620 1568 3674 salvavit
1622 3635 1729 3684 eos,
1764 3619 1854 3689 qui
1886 3618 2010 3687 fecit
2059 3634 2252 3686 magna
2309 3617 2366 3670 in

815 3715 1065 3786 Egypto,
1090 3713 1358 3767 mirabilia
1384 3713 1439 3766 in
1470 3723 1610 3766 terra
1635 3709 1823 3776 Cham,
1850 3710 2108 3764 terribilia
2137 3710 2191 3762 in
2229 3709 2365 3762 mari

814 3808 1008 3862 Rubro.
1051 3805 1118 3860 Et
1139 3807 1275 3859 dixit
1318 3815 1374 3858 ut
1411 3804 1729 3874 disperderet
1766 3819 1874 3868 eos,
1906 3803 2008 3855 nisi
2043 3801 2249 3872 Moyses
2269 3802 2366 3856 ele-

813 3912 926 3953 ctus
949 3899 1064 3968 ejus
1091 3899 1338 3960 stetisset,
1370 3897 1427 3949 in
1448 3895 1805 3964 confractione
1835 3895 1888 3946 in
1929 3903 2199 3962 conspectu
2223 3893 2358 3962 ejus,

816 4003 872 4044 ut
898 4000 1146 4045 averteret
1163 3991 1300 4044 iram
1322 3991 1432 4059 ejus
1450 4005 1512 4043 ne
1527 3987 1844 4057 disperderet
1873 4004 1980 4052 eos,
2006 3995 2055 4040 et
2077 4002 2169 4055 pro
2201 3986 2362 4040 nihilo

819 4083 1112 4137 habuerunt
1158 4092 1351 4136 terram
1396 4078 1815 4138 desiderabilem.
1865 4070 1987 4132 Non
2030 4077 2362 4133 crediderunt

812 4174 963 4229 verbo
991 4173 1128 4242 ejus,
1159 4180 1207 4225 et
1243 4179 1697 4226 murmuraverunt
1745 4172 1798 4224 in
1831 4169 2180 4223 tabernaculis
2225 4169 2358 4234 suis,

813 4284 916 4322 non
951 4265 1298 4320 exaudierunt
1325 4278 1497 4317 vocem
1537 4263 1772 4316 Domini.
1805 4261 1874 4315 Et
1907 4261 2122 4316 elevavit
2148 4277 2361 4314 manum

810 4375 962 4414 suam
997 4373 1151 4424 super
1177 4373 1284 4420 eos,
1312 4364 1368 4408 ut
1392 4362 1737 4422 prosterneret
1766 4370 1852 4407 eos
1893 4355 1948 4408 in
1975 4353 2196 4418 deserto,
2227 4364 2274 4406 et
2303 4363 2360 4407 ut

808 4451 1053 4521 dejiceret
1077 4464 1250 4502 semen
1271 4461 1449 4500 eorum
1499 4445 1555 4498 in
1597 4442 1918 4510 nationibus,
1949 4451 1999 4496 et
2048 4443 2359 4513 dispergeret

807 4561 894 4598 eos
924 4544 978 4596 in
1029 4539 1348 4612 regionibus.
1407 4536 1476 4590 Et
1529 4536 1726 4590 initiati
1783 4544 1903 4589 sunt
1941 4533 2272 4604 Beelphegor,
2309 4545 2359 4588 et

807 4636 1136 4691 comederunt
1181 4633 1448 4702 sacriﬁcia
1499 4635 1846 4683 mortuorum.
1901 4625 1969 4681 Et
2019 4628 2359 4680 irritaverant

2470 3453 2669 3504 νησαν
2691 3438 2772 3503 τῷ
2794 3438 3056 3508 γλυπτῷ,
3079 3441 3177 3493 καὶ
3201 3440 3542 3508 ἠλλάξαντο
3568 3441 3681 3508 τὴν
3704 3441 3890 3506 δόξαν
3918 3447 4023 3500 αὑ-

2469 3528 2574 3582 τοῦ
2593 3529 2663 3581 ἐν
2682 3528 2993 3598 ὁμοιώματι
3010 3531 3245 3600 μόσχου
3269 3532 3574 3599 ἐσθίοντος
3597 3535 3831 3602 χόρτον.
3876 3537 4026 3594 Ἐπε-

2469 3617 2721 3675 λάθοντο
2771 3621 2875 3675 τοῦ
2931 3623 3076 3677 Θεοῦ
3132 3623 3238 3676 τοῦ
3294 3623 3581 3693 σώζοντος
3629 3628 3866 3696 αὐτοὺς,
3917 3630 4023 3684 τοῦ

2471 3711 2835 3780 ποιήσαντος
2854 3712 3085 3783 μεγάλα
3109 3715 3178 3768 ἐν
3206 3716 3496 3785 Αἰγύπτῳ,
3525 3715 3824 3786 θαυμάσια
3847 3721 3918 3774 ἐν
3946 3720 4024 3792 γῆ

2469 3802 2615 3876 Χὰμ,
2657 3805 2874 3872 φοϐερὰ
2917 3805 3014 3857 ἐπὶ
3054 3805 3367 3874 θαλάσσης
3413 3809 3705 3876 Ἐρυθρᾶς.
3747 3812 3855 3866 Kal
3894 3809 4024 3867 εἶπε

2468 3896 2573 3949 τοῦ
2600 3895 3023 3964 ἐξολοθρεῦσαι
3053 3897 3292 3962 αὐτοὺς,
3322 3901 3374 3951 ει
3399 3898 3484 3966 μὴ
3508 3901 3767 3969 Μωῦσῆς
3793 3907 3826 3958 ό
3851 3905 4020 3959 έκλε-

2466 3990 2608 4056 κτὸς
2643 3988 2826 4042 αὐτοῦ
2867 3990 3014 4054 ἐστη
3056 3986 3124 4039 ἐν
3151 3986 3233 4055 τῇ
3266 3989 3509 4054 θραύσει
3534 3990 3788 4046 ἐνώπιον
3813 3997 4018 4061 αὐτοῦ,

2465 4080 2573 4135 τοῦ
2605 4079 2976 4148 ἀποστρέψαι
3005 4078 3112 4132 τὸν
3138 4078 3326 4147 θυμὸν
3357 4079 3539 4134 αὑτοῦ
3571 4082 3676 4136 τοῦ
3695 4083 3781 4152 μὴ
3813 4063 4019 4150 ἐξολοει

2466 4172 2708 4243 θρεῦσαι
2740 4170 2978 4237 αὐτοὺς,
3012 4170 3108 4223 καί
3143 4168 3556 4233 ἐξουδένωσαν
3589 4169 3702 4241 γῆν
3733 4173 4020 4246 ἐπιθυμη-

2465 4265 2596 4330 τήν.
2630 4265 2749 4317 Οὐκ
2775 4263 3144 4316 ἐπίστευσαν
3181 4259 3262 4325 τῷ
3298 4262 3457 4330 λόγῳ
3484 4263 3687 4329 αὐτοῦ,
3719 4265 3817 4318 καὶ
3853 4267 4018 4337 ἐγόγ-

2464 4370 2659 4426 γυσαν
2676 4355 2743 4409 ἐν
2760 4353 2883 4420 τοῖς
2893 4352 3280 4421 σκηνώμασιν
3293 4354 3508 4417 αὐτῶν,
3527 4358 3636 4410 οὐκ
3647 4357 4019 4427 εἰσήκουσαν

2462 4448 2570 4516 τῆς
2597 4447 2801 4518 φωνῆς
2833 4446 3074 4514 Κυρίου.
3118 4447 3228 4499 Kal
3268 4446 3450 4516 ἐπῇρε
3488 4449 3601 4517 τὴν
3637 4452 3803 4520 χεῖρα
3833 4455 4019 4510 αὐτοῦ

2462 4541 2554 4594 ἐπ’
2581 4539 2820 4604 αὐτοὺς,
2845 4537 2952 4592 τοῦ
2981 4536 3332 4613 καταϐαλεῖν
3357 4538 3574 4605 αὐτοὺς
3612 4541 3681 4594 ἐν
3711 4541 3788 4611 τῇ
3805 4542 4019 4613 ἐρήμῳ,

2461 4633 2559 4686 καὶ
2601 4631 2705 4685 τοῦ
2754 4627 3107 4682 καταϐαλεῖν
3147 4628 3215 4682 τὸ
3259 4628 3494 4699 σπέρμα
3535 4631 3732 4686 αὐτῶν
3779 4633 3846 4688 ἐν
3900 4635 4019 4701 τοῖς

805 4746 925 4784 eum
957 4730 1012 4782 in
1067 4726 1519 4780 adinventionibus
1566 4723 1675 4777 suis
1707 4732 1756 4777 et
1793 4717 2148 4789 multiplicata
2192 4729 2269 4774 est
2305 4721 2358 4772 in
2391 4736 2434 4790 ι)
2457 4726 2510 4778 ἐξ

2309 4721 2358 4772 in
2391 4736 2434 4790 ι)
2457 4726 2677 4784 ἔθνεσι,
2705 4720 2804 4774 καὶ
2830 4719 3250 4787 διασκορπίσαι
3274 4722 3495 4788 αὐτοὺς
3526 4723 3596 4775 ὲν
3624 4722 3752 4793 ταῖς
3779 4724 4014 4794 χώραις.

805 4824 880 4877 eis
909 4822 1084 4875 ruina.
1122 4818 1192 4872 Et
1237 4820 1380 4872 stetit
1429 4816 1653 4871 Phinees
1706 4825 1754 4870 et
1793 4816 2044 4885 placavit,
2069 4827 2118 4869 et
2143 4815 2358 4869 cessavit

805 4917 1103 4987 quassatio.
1143 4912 1210 4966 Et
1254 4918 1552 4978 reputatum
1603 4917 1680 4963 est
1707 4909 1754 4962 ei
1778 4909 1834 4961 in
1871 4907 2163 4978 justitiam,
2189 4905 2245 4960 in
2269 4924 2359 4977 ge-

806 5010 1127 5063 nerationem
1149 5014 1199 5059 et
1231 5003 1610 5074 generationem
1664 5005 1824 5071 usque
1873 5003 1927 5054 in
1970 5001 2354 5068 sempiternum.

810 5098 1004 5152 Exstat
1035 5097 1089 5148 in
1132 5093 1381 5147 Nuineris
1410 5091 1636 5145 historia
1679 5086 1952 5160 quomodo
1980 5097 2198 5159 accepta
2232 5087 2360 5142 Phi-

806 5203 938 5244 nees
971 5187 1127 5241 hasta
1162 5182 1587 5246 Madianitidem,
1609 5190 1664 5237 et
1686 5179 1849 5237 simul
1899 5182 2050 5236 illum
2103 5183 2194 5251 qui
2235 5196 2356 5235 cum

805 5297 870 5336 ea
901 5295 1012 5333 rem
1066 5277 1320 5339 habebat,
1365 5274 1697 5329 transflxerit
1733 5293 1744 5328 :
1780 5289 1886 5344 quo
1931 5274 2076 5328 edito
2117 5272 2357 5327 facinore

808 5367 991 5422 statim
1043 5365 1122 5418 ira
1159 5365 1249 5420 Dei
1275 5366 1484 5436 placata
1510 5364 1617 5418 illis
1664 5371 1768 5418 est.
1792 5363 1892 5418 Hic
1919 5379 2080 5433 porro
2109 5363 2356 5417 declara-

806 5469 895 5513 tur
923 5463 1185 5527 quantum
1213 5457 1353 5526 apud
1385 5455 1551 5510 Deum
1577 5456 1752 5509 valeat
1776 5457 1938 5510 unius
1980 5456 2084 5511 viri
2109 5456 2352 5526 justitia;

807 5550 881 5604 ita
915 5557 970 5604 ut
993 5549 1062 5603 ob
1091 5547 1307 5602 Phinea:
1331 5564 1426 5618 pro
1463 5547 1571 5602 Deo
1607 5549 1779 5601 zelum
1807 5548 1884 5600 ira
1915 5547 2273 5614 frangeretur,
2302 5554 2355 5601 et

804 5643 1082 5714 quassatio
1103 5649 1412 5712 peccatores
1443 5642 1700 5696 invadens
1725 5648 2076 5695 averteretur.

2465 4815 2572 4871 Kal
2599 4813 3006 4880 ἐτελέσθησαν
3041 4809 3120 4875 τῷ
3145 4812 3505 4881 Esaiam-mp,
3536 4813 3634 4867 καὶ
3666 4813 3891 4885 ἔφατον
3917 4822 4016 4873 θυε-

2466 4907 2602 4972 σίας
2630 4903 2874 4974 νεκρῶν.
2915 4902 3022 4956 Kal
3063 4899 3417 4969 παρώξυναν
3449 4903 3632 4957 αὐτὸν
3655 4905 3724 4958 ἐν
3750 4905 3871 4973 τοῖς
3895 4907 4017 4960 ἑπιη

2463 4999 2830 5068 τηδεύμασιν
2867 4995 3085 5057 αὐτῶν,
3133 4993 3231 5048 καὶ
3275 4986 3616 5065 ἐπληθύνθη
3642 4998 3711 5050 ἐν
3739 5001 3938 5067 αὐτοῖς
3975 5001 4013 5069 ἡ

2463 5087 2704 5152 πτῶσις.
2740 5087 2847 5140 Kal
2876 5085 3022 5150 ἔστη
3049 5081 3251 5148 Φινεὲς
3275 5084 3372 5137 καὶ
3395 5084 3733 5150 ἐξιλάσατο,
3761 5089 3860 5142 καὶ
3888 5090 4015 5145 ἑκά-

2464 5194 2658 5242 πασεν
2689 5181 2727 5246 ἡ
2754 5177 3020 5246 θραῦσις·
3056 5177 3154 5232 καὶ
3180 5176 3460 5247 ἐλογίσθη
3491 5179 3649 5246 αὺτῷ
3675 5184 3761 5246 είς
3791 5182 4014 5237 δικαιο-

2463 5272 2658 5339 σύνην
2692 5273 2777 5336 εἰς
2819 5268 3029 5340 γενεὰν
3077 5268 3175 5322 καὶ
3221 5269 3432 5338 γενεὰν
3473 5271 3582 5338 ἕως
3631 5271 3736 5325 τοῦ
3777 5274 4007 5342 αἰῶνος.

2456 5365 2645 5416 Κεῖται
2683 5365 2740 5415 ἐν
2780 5364 2890 5425 τοῖς
2931 5359 3200 5431 Ἀριθμοῖς
3243 5362 3275 5431 ἡ
3323 5361 3544 5432 ἱστορία,
3588 5363 3734 5427 ὅπως
3771 5364 3948 5419 λαϐὼν
3983 5368 4013 5420 ό

2456 5454 2634 5517 Φινεὲς
2654 5451 2743 5506 τὸν
2777 5453 3135 5525 σειρομάστην
3165 5451 3400 5525 διέπειρε
3432 5455 3527 5526 τὴν
3553 5456 3866 5510 Μαδιανῖτιν
3897 5462 4010 5531 ἃμα

2457 5543 2534 5614 τῷ
2557 5546 2649 5597 σὺν
2674 5545 2807 5614 αὐτῇ
2843 5541 3247 5612 πεπορνευκότι,
3279 5543 3371 5596 καὶ
3400 5545 3633 5597 ἐκόπασε
3673 5547 4008 5618 παραχρῆμα

2458 5640 2490 5708 ὴ
2517 5635 2632 5692 κατ’
2655 5637 2830 5691 αὐτῶν
2848 5638 2983 5708 ὀργὴ
3010 5636 3122 5706 ἅμα
3141 5638 3209 5705 τῇ
3233 5635 3448 5708 τοιαύτῃ
3471 5637 3682 5708 πράξει.
3707 5638 4006 5711 Παρίστησι

801 5738 858 5792 δὲ
895 5742 922 5792 ὁ
960 5739 1133 5805 λόγος,
1183 5736 1345 5788 πόσον
1395 5737 1562 5805 ἰσχύει
1598 5736 1745 5808 παρά
1773 5736 1889 5805 Θεῷ
1920 5737 2034 5799 ἐνὸς
2067 5735 2255 5807 ἀνδρὸς
2276 5735 2604 5804 δικαιοσύνη,
2630 5735 2704 5796 ὡς
2733 5731 2968 5786 κοπάσαι
2997 5732 3096 5802 τὴν
3119 5730 3304 5800 ὀργὴν,
3338 5733 3428 5786 καὶ
3450 5733 3877 5804 ἀνακρουσθῆναι
3907 5732 4010 5804 τὴν

803 5832 945 5887 κατὰ
971 5832 1076 5884 τῶν
1102 5831 1493 5900 ἡμαρτηκότων
1532 5832 1774 5903 θραῦσιν,
1808 5831 1895 5886 διὰ
1924 5833 2012 5887 τὸν
2053 5833 2232 5896 Φινεὲς
2261 5831 2400 5902 ὑπὲρ
2429 5832 2522 5886 τοῦ
2553 5831 2686 5885 Θεοῦ
2719 5829 2896 5899 ζῆλον.

874 5951 919 5980 ⁷³
959 5947 1118 6004 Num.
1156 5964 1266 6006 ιιι.
1302 5948 1355 6002 2.
