4318 6406
326 490 463 545 1517

1393 504 1879 563 COMMENTARIA
1922 510 1986 565 IN
2020 499 2350 570 PSALMOS.

3306 478 3324 489 .
3357 526 3492 585 i318

394 606 501 658 Kal
530 608 903 679 παρώρτισαν
925 614 1106 666 αὐτὸν
1133 614 1227 667 ἐπὶ
1261 614 1470 682 ὕδατος
1503 618 1858 688 ἀντιλογίας,
1891 631 1935 685 Α
2028 623 2099 675 Ve

1788 638 1858 685 ις,
1891 631 1935 685 Α
2028 623 2191 679 Vens.
2226 626 2415 683 32-40.
2444 626 2511 680 Et
2546 629 2878 685 irritaverant
2910 642 3026 687 eum
3056 635 3123 687 ad
3161 617 3347 706 aquam
3368 656 3493 693 τυησ

323 694 421 747 καὶ
449 696 709 765 ἐκακώθη
740 702 997 768 Μωῦσῆς
1023 702 1095 755 δι’
1123 702 1358 769 αὐτοὺς,
1390 706 1477 759 ὅτι
1509 710 1858 775 παρεπίκρα-

323 799 437 835 ναν
472 784 537 836 τὸ
585 788 815 857 πνεῦμα
859 790 1059 843 αὐτοῦ.
1109 792 1217 843 Kal
1259 793 1585 849 διέστειλεν
1627 799 1695 850 ἐν
1736 800 1858 864 τοῖς

320 876 589 942 χείλεσιν
633 879 834 942 αὐτοῦ,
884 883 991 934 οὐκ
1036 881 1485 951 ἐξωλόθρευσαν
1526 890 1595 941 τὰ
1644 888 1782 956 ἔθνη
1818 892 1858 943 d

318 962 446 1018 εἷπε
472 968 680 1035 Κύριος
701 968 916 1035 αὐτοῖς.
950 969 1055 1023 Kal
1086 971 1373 1041 ἐμίγησαν
1393 976 1460 1028 ἐν
1488 977 1609 1043 τοῖς
1635 979 1852 1046 ἔθνεσι,

319 1056 413 1108 καὶ
436 1057 651 1125 ἔμαθον
677 1060 746 1112 τὰ
763 1060 904 1129 ἔργα
925 1062 1140 1125 αὐτῶν,
1165 1064 1260 1117 καὶ
1284 1065 1713 1121 ἐδουλεύσαντο
1735 1070 1856 1135 τοῖς

319 1150 597 1215 γλυπτοῖς
625 1149 836 1213 αὐτῶν,
872 1152 966 1205 καί
991 1153 1237 1222 ἐγενήθη
1264 1156 1463 1221 αὐτοῖς
1488 1160 1571 1222 είς
1597 1160 1855 1212 σκάνδα-

314 1239 444 1291 λον.
478 1239 584 1291 Kal
608 1239 833 1293 ἔθυσαν
857 1242 996 1308 τοὺς
1026 1245 1191 1309 υἱοὺς
1217 1247 1410 1300 αὐτῶν
1434 1249 1529 1300 καὶ
1560 1250 1661 1314 τὰς
1689 1253 1853 1318 θυγαε

314 1326 486 1394 τέρας
520 1328 715 1381 αὐτῶν
752 1331 874 1396 τοῖς
911 1332 1247 1401 δαιμονίοις.
1298 1338 1399 1391 Kal
1432 1337 1675 1406 ἐξέχεαν
1713 1336 1852 1407 αἷμα

312 1415 523 1477 ἀθῶον,
548 1413 686 1485 αἷμα
712 1420 853 1472 υἱῶν
881 1422 1076 1475 αὐτῶν
1106 1425 1203 1477 καί
1239 1427 1582 1494 θυγατέρων,
1610 1422 1693 1481 ὧν
1714 1432 1846 1484 ἐθυ-

312 1519 432 1555 σαν
467 1506 586 1571 τοῖς
612 1510 893 1575 γλυπτοῖς
925 1513 1318 1567 Xaradr.’Kal
1345 1516 1780 1589 ἐφονοκτονήθη

308 1592 386 1660 γῆ
430 1594 497 1646 ἐν
527 1597 648 1662 τοῖς
678 1600 903 1667 αἵμασι,
954 1604 1052 1655 καὶ
1096 1604 1336 1672 ἐμιάνθη
1388 1606 1456 1657 ἐν
1500 1608 1621 1672 τοῖς
1658 1608 1851 1677 ἔργοις

309 1681 523 1744 αὐτῶν,
553 1686 648 1737 καί
692 1687 1062 1754 ἐπόρνευσαν
1096 1693 1193 1743 ἐπὶ
1234 1692 1355 1757 τοῖς
1394 1695 1851 1766 ἐπιτηδεύμασιν

309 1770 524 1826 αὐτῶν.
566 1776 672 1828 Kal
700 1776 954 1847 ὠργίσθη
984 1780 1143 1849 θυμῷ
1175 1784 1385 1851 Κύριος
1421 1786 1517 1839 ἐπὶ
1556 1787 1660 1840 τὸν
1699 1774 1851 1842 λαὸν

309 1864 509 1928 αὐτοῦ,
529 1867 621 1919 καὶ
639 1867 989 1933 caenosam
1011 1872 1124 1939 τὴν
1142 1877 1538 1944 κληρονομίαν
1559 1879 1759 1932 αὺτοῦ.
1782 1881 1844 1932 Et

1959 720 2307 783 tradictionis,
2342 730 2391 773 et
2433 732 2643 776 vexatus
2677 735 2753 776 est
2788 724 2991 793 Moyses
3012 737 3217 795 propter
3234 746 3339 795 eos,
3371 732 3494 799 quia

1956 810 2386 865 exacerbaverunt
2428 814 2671 881 spiritum
2703 816 2937 888 ejus.|Et
2982 818 3223 871 distinxit
3260 821 3314 873 in
3340 822 3492 875 labiis

1954 905 2087 966 suis,
2111 920 2213 956 non
2234 905 2650 973 disperdiderunt
2682 916 2877 977 gentes,
2904 924 3031 977 quas
3066 909 3199 962 dixit
3236 910 3493 965 Dominus

1954 993 2084 1049 illis.
2134 992 2202 1046 Et
2234 998 2491 1049 commisti
2537 1008 2656 1050 sunt
2701 1000 2836 1053 inter
2866 1011 3057 1069 gentes.
3105 1010 3152 1054 et
3199 1002 3492 1057 didicerunt

1954 1096 2107 1149 opera
2128 1099 2328 1148 eorum,
2361 1096 2409 1138 et
2446 1089 2728 1141 seruierunt
2758 1090 3080 1157 sculptilibus
3114 1107 3308 1157 eorum,
3335 1102 3382 1146 et
3405 1094 3491 1159 fa-

1953 1184 2091 1226 ctum
2118 1186 2193 1228 est
2220 1176 2328 1229 illis
2367 1178 2420 1230 in
2449 1180 2776 1233 scandalum.
2812 1180 2876 1233 Et
2921 1172 3309 1237 immolaverunt
3348 1186 3489 1252 ﬁlios

1951 1280 2072 1318 suos
2115 1276 2162 1319 et
2192 1268 2333 1335 ﬁlias
2364 1284 2487 1321 suas
2528 1270 2821 1325 daemoniis.
2861 1271 2926 1324 Et
2965 1273 3252 1341 effuderunt
3278 1278 3490 1345 sangui-

1950 1372 2063 1408 nem
2091 1357 2431 1421 innocentem,
2462 1360 2765 1428 sanguinem
2782 1362 3009 1429 ﬁliorum
3040 1379 3249 1416 suorum
3277 1377 3323 1417 et
3347 1367 3488 1433 filia-

1950 1462 2065 1498 rum
2087 1437 2339 1518 suarum,
2382 1464 2512 1517 quas
2552 1450 2975 1524 sacriﬁcaverunt
3008 1453 3328 1521 sculptilibus
3350 1453 3488 1508 Cha-

1950 1552 2107 1591 naan.
2139 1536 2206 1589 Et
2243 1538 2436 1607 infecta
2464 1552 2551 1593 ese
2572 1550 2710 1593 terra
2741 1543 2793 1594 in
2834 1545 3189 1612 sanguinibus,
3233 1554 3281 1598 et
3314 1556 3488 1597 conta-

1948 1629 2149 1680 minata
2190 1632 2346 1690 estin
2393 1631 2629 1698 operibus
2674 1649 2874 1699 eorum,
2919 1644 2967 1687 et
3013 1636 3257 1703 fornicati
3285 1646 3401 1690 sunt
3430 1640 3484 1692 in

1949 1719 2393 1775 adinventionibus
2432 1723 2560 1775 suis.
2591 1720 2659 1773 Et
2695 1724 2863 1776 iratus
2896 1734 2970 1777 est
3011 1726 3185 1794 furore
3230 1727 3482 1782 Dominus

1947 1808 2001 1860 in
2050 1812 2291 1877 populum
2340 1828 2510 1875 suum,
2560 1825 2607 1867 et
2651 1812 2982 1867 abominatus
3026 1828 3102 1871 est
3133 1818 3482 1873 hmreditalem

1946 1916 2117 1955 suam.
2153 1901 2210 1956 Si
2240 1912 2455 1972 propter
2483 1905 2593 1960 hac
2628 1907 2805 1960 omnia
2840 1908 3178 1965 abominatus
3207 1920 3287 1964 est
3314 1912 3483 1967 luere-

307 1949 395 2003 διὰ
414 1953 581 2005 ταῦτα
610 1956 784 2010 πάντα
818 1957 1126 2023 ὲὸδελύξωτο
1149 1962 1242 2032 τὴν
1276 1964 1626 2034 κληρονομίαν
1658 1967 1841 2031 αὐτοῦ,
1872 1987 1914 2042 Β

2154 1949 2210 1956 τ,
2240 1949 2444 1972 τηινγ.
2484 1949 2593 1960 ..νυν
2630 1949 2805 1960 ν,.......
2840 1949 3178 1965 ...,...............
3207 1949 3287 1964 ω.
3314 1949 3479 1967 ..ωυ-

1774 1967 1841 2031 ³ῧν
1872 1987 1914 2042 Β
1943 1990 2159 2044 ditatem
2192 2009 2363 2060 suam,
2400 2011 2496 2048 cur
2527 2012 2685 2066 supra
2729 2000 2928 2052 dictum
2961 2008 3063 2066 est,
3091 2001 3169 2053 Ad
3208 2002 3479 2057 videndum

307 2042 425 2105 πῶς
455 2045 707 2117 ἀνωτέρω
731 2047 959 2119 εἴρηται·
994 2052 1101 2105 Τοῦ
1127 2052 1271 2106 ίδεῖν
1300 2055 1367 2107 ἐν
1395 2056 1466 2122 τῇ
1490 2062 1846 2126 χρηστότητι
1890 2097 1899 2128 ,

306 2132 425 2185 τῶν
463 2136 756 2193 ἐκλεκτῶν
795 2157 932 2207 σου,
980 2144 1085 2197 τοῦ
1128 2147 1523 2215 εὐφρανθῆναι
1558 2150 1625 2202 ὲν
1654 2150 1727 2218 τῇ
1752 2154 1847 2205 εὐ-

306 2227 578 2296 φροσύνῃ
615 2230 719 2284 τοῦ
758 2231 970 2299 ἔθνους
1002 2250 1134 2298 σου,
1175 2237 1278 2290 τοῦ
1314 2238 1672 2295 ἐπαινεῖσθαι
1699 2243 1846 2311 μετὰ

304 2315 415 2383 τῆς
446 2322 840 2389 κληρονομίας
867 2341 981 2378 σου
1003 2342 1021 2388 ;
1057 2328 1215 2380 Ἀλλὰ
1240 2330 1341 2400 ὅρα
1367 2333 1416 2384 εἰ
1443 2331 1515 2403 μὴ
1545 2334 1726 2408 σαφῶς
1754 2336 1845 2388 καὶ

303 2406 404 2475 τὴν
449 2406 819 2479 βδελυχθεῖσαν
867 2415 1221 2487 κληρονομίαν
1265 2420 1358 2472 τοῦ
1412 2406 1668 2493 προτέρου
1718 2425 1842 2477 λαοῦ

304 2497 642 2567 παρέστησεν
685 2504 713 2555 ὁ
752 2503 923 2573 λόγος,
964 2508 1057 2560 xui.
1096 2509 1222 2580 περὶ
1263 2510 1450 2580 ἐτέρας
1491 2512 1844 2583 κληρονομίας
1886 2528 1889 2531 ‘

304 2584 565 2653 θεσπίζει,
594 2591 670 2655 ὼς
699 2596 791 2647 καὶ
819 2599 944 2668 περὶ
974 2600 1157 2669 ἑτέρου
1189 2603 1315 2655 λαοῦ
1347 2604 1461 2672 μεθ’
1491 2598 1562 2657 ὧν
1595 2604 1842 2675 εὔχεσθαι

303 2680 765 2753 καταριθμηθῆναι
786 2686 1037 2740 διδάσκει.

370 2772 479 2825 Kal
513 2773 845 2840 παρέδωκεν
872 2778 1088 2843 αὐτοὺς
1116 2782 1201 2846 εις
1236 2780 1434 2849 χεῖρας
1466 2784 1707 2852 ἐχθρῶν,
1742 2788 1839 2840 καὶ

303 2858 655 2927 ἐκυρίευσαν
683 2864 877 2918 αὐτῶν
904 2870 957 2919 ol
980 2868 1297 2935 μισοῦντες
1331 2875 1565 2939 αὐτούς.
1615 2877 1686 2928 Οὐ
1732 2890 1839 2931 πα-

307 2950 552 3020 ραδίδωσι
579 2953 634 3005 δὲ
661 2954 860 3025 Κύριος
880 2956 969 3009 τὸν
997 2958 1119 3012 λαὸν
1148 2962 1331 3024 αὑτοῦ,
1355 2965 1448 3016 ἐὰν
1480 2964 1553 3035 μὴ
1583 2967 1840 3040 πρότερον

304 3040 611 3110 βδελύξηται
640 3045 813 3097 αὐτόν·
851 3046 1188 3115 βδελύσσεται
1213 3052 1267 3104 δὲ
1292 3053 1450 3105 αὑτὸν
1478 3054 1562 3107 διὰ
1592 3057 1688 3119 τὰς
1712 3074 1840 3128 προ-

299 3130 621 3203 λελεγμένας
648 3136 889 3206 πράξεις.
937 3139 1178 3194 Ἐπειδὰν
1216 3142 1271 3195 δὲ
1308 3146 1335 3197 ὁ
1368 3144 1563 3215 Κύριος
1593 3150 1833 3219 παραδῷ,

298 3219 382 3283 τίς
413 3222 474 3274 οὐ
502 3220 716 3277 δύναται
748 3224 854 3277 τῶν
890 3226 1050 3280 αὐτοῦ
1085 3230 1414 3299 κυριεύσειν;
1446 3233 1557 3287 Kal
1582 3236 1836 3305 ἕθλιψαν

295 3304 516 3381 αὐτοὺς
540 3318 593 3370 ol
619 3316 812 3387 ἐχθροὶ
840 3317 1051 3384 αὐτῶν,
1092 3322 1187 3376 καί
1215 3322 1689 3395 ἐταπεινώθησαν
1718 3304 1835 3384 υπὸ
1861 3312 1905 3371 C

297 3404 403 3469 τὰς
432 3404 633 3474 χεῖρας
664 3407 874 3461 αὐτῶν⁸
916 3410 1235 3479 πλεονάκις
1271 3413 1556 3482 ἐρρύσατο
1597 3420 1831 3485 αὐτούς.

296 3496 472 3547 Αὐτοὶ
500 3495 568 3549 δὲ
607 3488 1261 3567 παρεπίκρανανάὺτύν
1299 3506 1366 3558 ὲν
1393 3506 1467 3575 τῇ
1500 3509 1701 3578 βουλῇ
1728 3512 1835 3563 αὺ-

296 3583 434 3651 τῶν,
467 3587 565 3640 καὶ
593 3589 1065 3657 ἐταπεινώθησαν
1096 3593 1163 3646 ἐν
1183 3595 1309 3660 ταῖς
1330 3597 1596 3665 ἀνομίαις
1618 3600 1831 3656 αὐτῶν.

294 3677 462 3741 Αὐτὸς
502 3679 618 3747 μὲν,
652 3682 832 3749 φησὶν,
869 3682 1109 3753 ἐρρύετο,
1149 3687 1377 3756 χρηστὸς
1418 3686 1491 3741 ὢν
1527 3692 1705 3755 αὐτοῖς
1743 3695 1834 3748 καὶ

234 3748 239 3753 ’
292 3768 494 3835 γλυκὺς
528 3748 830 3839 γενόμενος’
860 3748 911 3825 οί
935 3748 995 3825 δὲ
1026 3748 1452 3847 παρεπίέιραναν,
1488 3748 1834 3853 πικρὸνῇέαυ-

291 3861 402 3922 τοῖς
443 3860 715 3925 ποιοῦντες
759 3862 936 3916 αὐτόν·
978 3867 1070 3917 καὶ¹
1111 3868 1269 3921 πάλιν
1310 3870 1467 3934 αὐτὸς
1512 3871 1709 3937 ἔσωζεν
1748 3870 1833 3928 οἷα

294 3952 495 4021 σωτήρ·
530 3952 577 4003 ol
613 3951 669 4006 δὲ
711 3952 1036 4023 ἀπώλλυντο,
1082 3957 1260 4029 ἔργοις
1302 3963 1569 4027 ἀπωλείας
1611 3968 1833 4032 ἑαυτοὺς

292 4040 711 4112 περιπείροντες*
744 4046 837 4098 καὶ
874 4046 1027 4100 τοῦτο
1071 4050 1350 4115 πλεονάκις
1382 4054 1602 4121 ἐγίνετο,
1637 4057 1739 4121 ἕως
1770 4049 1829 4113 οὗ

289 4133 443 4185 αὐτοὶ
465 4134 683 4199 ἑαυτοὺς
710 4136 1073 4199 ἐταπείνωσαν
1100 4143 1157 4194 ἐν
1182 4144 1297 4205 ταῖς
1326 4146 1501 4198 αὐτῶν
1525 4148 1787 4219 ἀνομίαις.

356 4223 465 4275 Kal
502 4220 622 4277 εἶδε
646 4228 855 4293 Κύριος
880 4228 948 4280 ἐν
970 4228 1047 4293 τῷ
1076 4232 1376 4286 θλίϐεσθαι
1397 4237 1628 4302 αὐτοὺς,
1656 4240 1723 4291 ὲν
1748 4241 1827 4306 τῷ

287 4311 472 4365 αὑτὸν
493 4315 837 4373 είσακοῦσαι
866 4317 973 4385 τῆς
996 4318 1253 4387 δεήσεως
1280 4324 1490 4379 αὐτῶν.
1522 4329 1627 4380 Kal
1648 4330 1823 4398 ἐμνή.

287 4394 405 4469 don
431 4402 539 4472 τῆς
567 4403 845 4473 διαθήκης
871 4410 1074 4473 αὐτοῦ,
1109 4413 1204 4464 καί
1233 4416 1558 4485 μετεϐλήθη
1582 4394 1728 4474 κατὰ
1758 4394 1823 4475 τὸ

287 4493 519 4563 πλῆθος
540 4495 645 4550 τοῦ
671 4496 875 4564 ἐλέους
901 4501 1102 4556 αὑτοῦ.
1132 4504 1239 4557 Kal
1269 4505 1485 4560 ἔδωκεν
1504 4511 1721 4576 αὐτοὺς
1739 4516 1825 4580 είς

1944 2081 1998 2133 in
2022 2082 2248 2137 bonitate
2268 2085 2542 2139 electorum
2573 2098 2797 2153 tuorum,
2830 2091 2896 2142 ad
2919 2090 3197 2144 la’tandum
3226 2094 3276 2145 in
3295 2094 3479 2148 latitia
3528 2081 3531 2085 ’

1942 2174 2106 2239 gentis
2140 2183 2336 2237 tute,ut
2369 2176 2594 2231 lauderis
2625 2196 2739 2232 cum
2768 2180 3069 2235 hareditate
3098 2186 3225 2238 tua?
3250 2184 3317 2237 At
3353 2200 3479 2254 per-

1943 2266 2115 2333 pende
2157 2282 2282 2319 num
2321 2276 2502 2336 aperte
2548 2286 2722 2326 sermo
2765 2273 3122 2328 abominatam
3162 2276 3353 2345 prioris
3381 2291 3478 2346 po-

1942 2356 2054 2423 puli
2103 2357 2465 2413 haareditatem
2506 2362 2756 2427 declaret,
2806 2379 2867 2418 ac
2899 2365 2965 2419 de
3018 2368 3121 2421 alia
3166 2367 3476 2426 haereditate

1942 2447 2291 2516 vaticinetur;
2323 2461 2382 2504 ut
2414 2459 2468 2507 et
2505 2453 2569 2507 de
2606 2455 2712 2509 alio
2745 2458 2941 2527 populo
2969 2460 3187 2529 quicum
3216 2475 3474 2516 annume-

1940 2536 2048 2589 rari
2078 2540 2370 2608 optandum
2398 2557 2519 2599 esse
2543 2544 2717 2600 docet.

2008 2796 2169 2853 Vens.
2195 2796 2377 2854 41-45.
2403 2800 2470 2855 Et
2499 2804 2717 2859 tradidit
2735 2823 2821 2862 eos
2843 2810 2894 2862 in
2916 2826 3100 2867 manus
3120 2810 3484 2885 inimicorumy

1937 2896 1987 2941 et
2015 2888 2269 2942 dominati
2291 2901 2408 2944 sunt
2435 2909 2611 2947 eorum
2656 2898 2743 2966 qui
2773 2898 2985 2953 oderunt
3011 2919 3118 2958 eos.
3160 2904 3276 2961 Non
3307 2911 3470 2965 tradit

1937 2976 2197 3034 Dominus
2245 2982 2499 3050 pupulum
2548 3000 2729 3051 suum,
2776 2989 2879 3043 nisi
2934 2994 3084 3060 prius
3136 2996 3470 3055 abominetur

1937 3070 2113 3139 ipsum
2162 3090 2175 3125 :
2222 3072 2395 3141 ipsum
2448 3086 2623 3130 autem
2678 3078 3015 3138 abominatur
3066 3086 3135 3141 ob
3175 3096 3468 3146 memorata

1936 3170 2116 3225 opera.
2147 3157 2283 3213 Cum
2327 3168 2503 3216 autem
2549 3165 2663 3230 ipse
2704 3165 2959 3226 Dominus
3003 3176 3301 3245 tradiderit,
3345 3182 3468 3251 quis

1936 3263 2042 3301 non
2099 3250 2272 3317 possit
2304 3254 2514 3321 populis
2546 3257 2609 3309 ad
2652 3258 2826 3327 ipsum
2874 3264 3263 3331 pertinentibus
3296 3250 3466 3327 domi-

1936 3342 2093 3395 nari?
2124 3342 2193 3417 Et
2226 3344 2601 3401 tribulaverunt
2643 3362 2735 3404 eos’
2759 3354 2956 3409 inimici
2994 3375 3192 3425 eorum,
3220 3373 3268 3417 et
3297 3354 3468 3420 humi-

1938 3433 2054 3485 liati
2085 3443 2203 3487 sunt
2252 3436 2345 3489 sub
2388 3440 2626 3494 manibus
2674 3458 3049 3517 eorum:stepe
3098 3452 3464 3515 liberauiteos.

1936 3524 2048 3592 Ipsi
2077 3537 2244 3581 autem
2275 3532 2706 3586 exacerbaverunt
2738 3552 2851 3589 eum
2882 3540 2935 3590 in
2985 3544 3203 3613 consilio
3243 3563 3336 3601 suo
3364 3566 3383 3603 :
3418 3558 3468 3604 et

1933 3615 2192 3671 humiliati
2220 3631 2336 3673 sunt
2368 3621 2420 3693 in
2443 3622 2802 3693 iniquitatibus
2830 3623 2967 3681 suis.‘
2987 3627 3103 3699 Ipse
3131 3634 3345 3701 quidem
3367 3640 3465 3705 ait,

1932 3706 2107 3763 bonus
2132 3724 2253 3763 cum
2292 3720 2434 3766 esset
2470 3728 2531 3766 ac
2559 3714 2913 3785 mitigaretur,
2949 3720 3203 3776 liberabat
3235 3739 3359 3795 eos;
3388 3730 3466 3785 illi

1931 3814 2058 3852 vero
2083 3802 2537 3858 exacerbaverunt
2562 3820 2703 3871 eum,
2727 3808 2977 3863 acerbum
3014 3812 3115 3868 sibi
3140 3819 3467 3878 constituen-

1930 3895 2011 3942 tes
2042 3907 2054 3942 :
2086 3905 2149 3944 ac
2190 3907 2379 3947 rursus
2407 3894 2513 3957 ille,
2547 3904 2729 3964 utpote
2769 3909 3030 3970 servator,
3075 3907 3296 3964 eruebat
3336 3928 3463 3987 eos,

1929 3973 2005 4027 illi
2025 3988 2156 4029 vero
2185 3979 2447 4046 peribant,
2473 3982 2616 4035 exilii
2644 3987 2896 4061 operibus
2913 4004 3032 4047 sese
3053 3973 3459 4059 confodientes:

1928 4064 2089 4133 idque
2127 4082 2263 4134 saepe
2289 4056 2486 4123 factum
2514 4085 2615 4139 est,
2640 4076 2809 4132 donec
2842 4058 2899 4134 Se
2921 4064 3019 4151 ipsi
3043 4083 3462 4150 bumiliaverunt

1925 4154 1981 4209 in
2018 4156 2393 4225 iniquitatibus
2422 4163 2554 4217 suis.

1995 4243 2159 4301 Vsus.
2192 4247 2377 4303 4446.
2421 4250 2489 4306 Et
2526 4256 2655 4321 uidit
2696 4257 2948 4317 Dominus
2985 4282 3101 4320 cum
3150 4273 3463 4331 tribularen-

1926 4341 2031 4399 tur,
2076 4352 2192 4389 cum
2233 4339 2437 4394 audiret
2476 4344 2883 4413 deprecationem
2924 4372 3124 4413 eorum.
3161 4360 3232 4415 Et
3268 4382 3462 4422 memor

1925 4424 2026 4493 fuit
2055 4434 2346 4503 testamenti
2380 4435 2483 4498 sui,
2512 4446 2562 4489 et
2592 4441 2831 4506 paenituit
2861 4458 2975 4497 eum
3007 4454 3286 4509 secundum
3324 4461 3461 4514 mul-

1926 4517 2198 4572 titudinem
2228 4522 2597 4581 misericordia:
2632 4546 2760 4586 suse.
2792 4532 2859 4587 Et
2896 4536 3033 4590 dedit
3060 4541 3146 4596 eos
3184 4546 3236 4599 in
3264 4550 3461 4604 miseri-

287 4586 619 4654 οίκτιρμοὺς
666 4587 938 4643 ἐναντίον
986 4592 1221 4648 πάντων
1271 4594 1387 4651 τῶν
1432 4601 1824 4671 αὶχμαλωτευ-
1854 4631 1900 4687 ι)
1923 4621 1992 4658 σοι

291 4672 522 4698 -.ι---,.--
553 4678 725 4698 ...'.__-l
820 4680 859 4698 Ir
883 4679 921 4698 ,1
1018 4681 1042 4691 -ν
1135 4686 1147 4698 ι
1201 4683 1217 4698 ι
1337 4686 1362 4697 ~
1470 4688 1489 4698 α
1584 4693 1595 4698 -
1651 4693 1698 4698 --
1737 4694 1749 4698 -

1753 4622 1824 4658 τυ-
1854 4631 1900 4687 ι)
1923 4607 2129 4661 cordias
2174 4610 2226 4662 in
2260 4625 2529 4690 conspectu
2571 4622 2800 4675 omnium
2830 4627 2918 4694 qui
2947 4644 3184 4698 ceperant
3208 4653 3314 4694 eos.
3345 4638 3458 4696 Hoc

286 4672 522 4726 σάντων
546 4678 781 4743 αὐτούς.
820 4679 927 4734 Καὶ
954 4681 1108 4736 τοῦτο
1131 4683 1443 4757 ἐπληροῦτο,
1468 4688 1552 4742 ὅτε
1580 4693 1824 4758 ἐνέϐαλεν
1859 4672 1897 4687 ν
1925 4698 1991 4752 im

286 4765 314 4798 Α
334 4764 463 4798 nea,
487 4768 563 4798 ει,-
583 4768 682 4798 ...ι-η
700 4770 922 4798 υ..-Μ....
945 4774 1121 4798 '11---.
1155 4776 1239 4798 --τ
1269 4778 1328 4798 ομ
1346 4796 1365 4798 _
1389 4779 1407 4798 κ
1431 4781 1444 4798 ι
1640 4785 1652 4798 ι
1802 4786 1811 4798 .
1962 4788 1973 4798 .

1859 4672 1897 4687 ν
2383 4672 2393 4681 Ι
2485 4679 2495 4690 ⁸
2660 4672 2797 4675 ,νμηη
2832 4672 2915 4694 Ἰ..-
2948 4672 3078 4698 νημνι
3095 4672 3182 4687 uno
3208 4672 3314 4694 ιυῡ.
3345 4672 3457 4696 ιιυυ

1752 4699 1824 4747 κεν
1925 4698 2265 4768 implebatur,
2296 4704 2507 4773 quando
2553 4706 2775 4765 immisit
2821 4715 2967 4772 Deus
2997 4720 3051 4774 in
3098 4739 3193 4779 cor
3218 4726 3341 4798 Cyri
3372 4747 3457 4787 re-

285 4765 315 4815 ὁ
334 4764 463 4829 Θεὸς
486 4768 563 4830 είς
583 4768 682 4838 τὴν
700 4770 923 4842 καρδίαν
944 4774 1242 4845 Κύρουτοῦ
1267 4778 1541 4848 βασιλέως,
1568 4785 1661 4837 καὶ
1691 4786 1825 4855 μετὰ

284 4853 453 4906 ταῦτα
494 4857 715 4927 Δαρείου
757 4863 848 4914 καὶ
890 4863 1235 4937 Ἀρταξέρξου
1265 4870 1648 4941 φιλανθρώπως
1687 4853 1821 4945 χρή-

285 4944 478 4997 σασθαι
503 4946 579 5016 τῷ
622 4949 881 5005 Ἰουδαίων
907 4952 1064 5018 ἔθνει,
1089 4957 1225 5009 κατὰ
1249 4959 1314 5011 τὰ
1340 4962 1396 5012 ὲν
1424 4965 1488 5031 τῇ
1520 4963 1700 5035 Γραφῇ
1726 4944 1820 5019 τοῦ

288 5031 488 5104 Ἕσδρα
517 5036 806 5107 φερόμενα.
849 5042 1002 5096 una.
1028 5047 1117 5098 καὶ
1143 5050 1310 5103 είσὲτι
1334 5048 1427 5103 νῦν
1456 5055 1520 5123 τῇ
1547 5031 1821 5125 ἀρχῇγτῶν

296 5121 572 5193 Ῥωμαίων
605 5126 937 5196 δουλεύοντες
965 5138 1021 5187 ὲν
1046 5139 1340 5207 οίκτιρμοῖς
1725 5147 1818 5199 τοῦ

281 5212 414 5265 Θεοῦ
437 5215 592 5270 τοῦτο
624 5219 803 5283 αὐτοῖς
839 5222 1036 5297 δεδωρη
1047 5228 1222 5296 μένου·
1263 5232 1357 5301 οὐχ
1391 5234 1469 5286 ὄτι
1494 5231 1630 5305 ἦσαν
1658 5238 1816 5306 ἄξιοι,

282 5304 414 5357 ἀλλὰ
440 5307 597 5361 πάλιν
622 5311 706 5364 διὰ
728 5313 787 5365 τὸ
815 5316 1011 5388 πλῆθος
1034 5320 1126 5372 τοῦ
1154 5321 1347 5386 ἐλέους.
1370 5326 1475 5378 Καὶ
1490 5304 1817 5402 μετεϐλήθη

281 5394 529 5489 statarii
569 5401 796 5470 πλῆθος
826 5408 931 5461 τοῦ
964 5410 1171 5478 ἐλέους
1215 5416 1414 5469 αὐτοῦ.
1452 5394 1845 5489 Μεταμέλειαν¹

280 5483 337 5536 δὲ
368 5484 519 5538 καλεῖ
548 5489 647 5558 τῆς
677 5493 919 5559 παιδείας
947 5500 1043 5569 τὴν
1071 5502 1294 5556 παῦλαν.
1334 5504 1391 5557 '0
1422 5506 1527 5576 γὰρ
1563 5483 1689 5573 Θεὸς
1719 5512 1817 5583 τῆς

285 5576 637 5667 μεταμελείας
663 5582 761 5634 οὐκ
778 5583 889 5654 ἔχει
916 5589 977 5641 τὸ
995 5592 1181 5655 πάθος,
1204 5595 1321 5647 οὐδὲ
1349 5595 1439 5649 νῦν
1468 5598 1562 5666 μὲν
1589 5576 1813 5667 τούτοις,

282 5665 372 5718 νῦν
404 5666 460 5765 δὲ
487 5669 711 5736 ἐκείνοις
738 5675 1044 5747 ἀρέσκεται,
1076 5684 1206 5737 ἀλλὰ
1237 5688 1410 5755 σοφῶς
1441 5665 1648 5744 ἅπαντα
1683 5665 1815 5765 πρυέ

279 5755 549 5897 Ξαέεύων,
600 5765 692 5843 καὶ
741 5768 979 5834 παιδείας
1028 5775 1218 5843 ἐπάγει
1272 5781 1360 5833 καὶ
1417 5755 1812 5854 φιλανθρωπίας

314 5860 342 5897 ο
374 5862 455 5897 γει

312 5860 455 5914 ρεγει

1924 4788 2028 4856 gis,
2057 4797 2109 4843 et
2141 4799 2324 4860 postea
2357 4792 2499 4847 Darii
2529 4802 2583 4850 et
2618 4799 2953 4872 Artaxerxis,
2998 4818 3055 4864 ut
3082 4826 3204 4869 cum
3232 4788 3456 4875 iudaice

1923 4886 2079 4947 gente
2105 4879 2329 4949 benigne
2352 4894 2588 4952 agerent,
2617 4892 2913 4949 secundum
2950 4914 3012 4954 ea
3040 4917 3158 4971 quae
3190 4906 3242 4959 in
3272 4906 3455 4965 Esdrae

1924 4967 2198 5038 Scriptura
2224 4970 2487 5027 feruntur.
2514 4976 2652 5041 Quin
2679 4983 2839 5039 etiam
2880 5004 3023 5046 nunc
3056 4967 3313 5052 _Romano
3358 4999 3456 5053 im-

1920 5062 2069 5132 perio
2112 5071 2359 5131 parentes
2399 5067 2863 5143 miserationibus,
2910 5080 3019 5137 Deo
3057 5095 3305 5153 auctore,
3356 5091 3453 5147 do-

1919 5160 2115 5204 nuntur
2145 5168 2157 5201 :
2194 5168 2298 5207 non
2333 5157 2473 5225 quod
2498 5160 2642 5230 digni
2681 5165 2823 5233 sint;
2856 5171 2947 5224 sed
2978 5173 3046 5226 ob
3071 5175 3451 5237 misericordia:

1918 5243 2035 5308 ejus
2066 5246 2502 5313 magnitudinem.
2525 5252 2841 5322 Etpaznituit
2863 5278 2978 5315 eum
3012 5265 3287 5322 secundum
3314 5278 3451 5328 mul-

1920 5334 2190 5390 titudinem
2253 5341 2622 5401 misericordia
2672 5366 2799 5406 sum.
2853 5353 3224 5414 Paenitentiam
3270 5374 3448 5423 autem

1916 5436 2072 5479 vocat
2108 5429 2473 5501 castigationis
2514 5443 2889 5499 cessationem.
2922 5446 3060 5503 Deus
3106 5453 3303 5526 quippe
3328 5430 3448 5527 pa;-

1916 5517 2153 5573 nitentize
2182 5519 2429 5579 affectum
2466 5527 2661 5585 habere
2685 5535 2869 5602 nequit
2902 5554 2913 5589 :
2947 5517 3308 5612 neque—modo
3328 5517 3445 5618 bis,

1914 5610 2073 5666 modo
2093 5608 2427 5689 illis.placita
2459 5619 2600 5687 edit;
2635 5623 2725 5677 sed
2748 5626 3016 5695 sapienter
3030 5608 3230 5689 “omnia
3258 5608 3445 5697 mode;

1915 5714 2059 5765 rans,
2101 5712 2153 5759 et
2182 5708 2559 5779 castigationes
2605 5714 2828 5783 inducit,
2878 5729 2929 5774 et
2974 5723 3307 5784 clementiam
3357 5747 3449 5790 ex-

1914 5792 2076 5849 hibet.
