4318 6412
349 470 477 527 «εει
1444 450 1935 525 communis
1964 468 2037 524 'IN
2074 464 2424 527 PSALMOS.
3377 474 3511 529 εδει

346 576 665 653 συνάγεσθαι
702 586 758 639 δὲ
798 586 889 639 ἐπὶ
917 585 1012 656 τήν
1053 585 1304 639 Ἰουδαίαν
1350 584 1470 655 γῆν.
1512 583 1743 637 Τοιαῦτα
1781 584 1887 655 γὰρ
1915 593 1960 647 Α
1987 599 2048 637 ca

1808 584 1887 655 ’ἀρ
1915 593 1960 647 Α
1987 584 2295 654 captivitate
2325 585 2649 656 Babylonica
2677 587 2831 642 annis
2863 602 3028 657 prope
3057 587 3221 652 mille,
3252 587 3385 641 nihil
3418 587 3513 640 hu-

345 676 505 736 ιίσέτι
542 675 635 729 καὶ
673 674 765 729 νῦν
805 676 989 739 παῖδες
1026 675 1285 729 Ἰουδαίων
1322 674 1695 741 φαντάζονται.
1742 674 1877 726 Ἀλλ’
1977 677 2050 745 jut

1810 674 1877 725 λλ⁶
1977 676 2215 745 jusmodi
2247 678 2299 730 in
2328 677 2538 731 illorum
2561 678 2784 748 gratiam
2816 689 3089 749 peractum
3070 680 3222 750 Jsit;
3258 685 3427 735 restat
3456 688 3515 733 ut

345 766 461 819 ἐπεὶ
497 765 571 836 μὴ
597 766 766 820 ταῦτα
790 767 915 837 περὶ
941 766 1131 828 αὐτοὺς
1161 766 1270 827 τοῖς
1309 765 1485 835 ἔργοις
1510 764 1702 835 ὁρᾶται
1714 782 1879 833 χεγε-
1969 783 2050 822 τοι

1809 782 1879 832 τε·
1969 782 2160 822 τοι-ιω)
2203 768 2417 822 eventui
2466 767 2580 823 haec
2608 770 2770 823 verba
2816 769 3312 851 accommodamus,
3355 776 3410 824 et
3447 769 3514 824 ad

345 855 565 926 νημὲνα,
592 856 689 927 ήδη
718 874 816 909 που
852 856 1037 926 χιλίοις
1065 856 1227 924 ἐγγὺς
1258 856 1395 908 ἔτεσι
1422 856 1518 925 τῆς
1544 855 1650 908 ἀπὸ
1678 857 1776 927 τῆς
1799 859 1877 919 είς
1972 873 2050 927 ge]

1599 855 1650 908 τὸ
1678 857 1776 927 τῆς
1799 859 1877 919 είς
1972 857 2215 927 gentium
2249 857 2584 912 vocationem
2607 859 2939 928 prophetiam
2975 858 3304 933 reducamus.

343 949 624 1004 Βαϐυλῶνα
648 952 1011 1022 αἰχμαλωσίας
1036 951 1210 1004 αὐτῶν
1238 950 1453 1021 μηδενὸς
1477 950 1710 1003 τοιούτου
1738 951 1864 1020 περὶ
1888 950 2077 1012 αὐτοὺς
2102 950 2443 1021 πραχθέντος
2485 950 2600 1020 ὥρα
2630 954 2695 1021 τῇ
2754 951 2860 1005 τῶν
2915 951 3241 1020 πραγμάτων
3298 950 3513 1004 ἐκϐάσει

342 1043 461 1105 τοὺς
506 1042 691 1111 λόγους
730 1042 1098 1113 ἐφαρμόττειν,
1142 1042 1234 1094 καὶ
1278 1042 1367 1093 ἐπὶ
1409 1040 1505 1112 τήν
1547 1040 1654 1094 τῶν
1696 1041 1862 1093 ἐθνῶν
1898 1040 2082 1112 κλῆσιν
2119 1041 2333 1109 ἀνάγειν
2368 1040 2463 1111 τὴν
2495 1041 2837 1113 προφητείαν.

420 1146 868 1229 Ἐπλανήθησαν
895 1162 964 1215 ὲν
992 1160 1067 1229 τῇ
1097 1160 1289 1229 ἐρήμῳ
1323 1161 1419 1213 και
1453 1160 1702 1227 ἀνύδρῳ,
1732 1160 1875 1213 ὁδὸν
1996 1168 1999 1171 ·
2045 1158 2122 1213 νε

1799 1160 1875 1213 ’ὸν
1996 1168 1999 1171 ’
2045 1158 2207 1214 Vens.
2243 1160 2293 1213 5.
2334 1158 2651 1213 Erraverunt
2680 1160 2734 1213 in
2764 1159 3045 1213 solitudine
3079 1169 3128 1212 et
3157 1160 3209 1212 in
3236 1160 3504 1229 inaquoso,

339 1255 565 1318 πόλεως
596 1254 1036 1321 κατοικηττιρίου
1066 1255 1177 1321 οὐχ
1206 1248 1404 1325 εὖρον·
1440 1251 1755 1317 πεινῶντες
1776 1252 1871 1304 καί
1975 1251 2044 1303 via

1801 1252 1871 1304 mi
1975 1251 2109 1303 viam
2142 1251 2366 1304 civitatis
2401 1246 2687 1303 habitaculi
2731 1264 2834 1303 non
2874 1248 3506 1303 inveneruntnsurientcs

337 1342 644 1411 διψῶντες,
688 1344 726 1411 ἠ
776 1343 942 1411 ψυχὴ
980 1342 1177 1397 αὐτῶν
1215 1343 1284 1396 ὲν
1330 1341 1543 1407 αὐτοῖς’
1572 1340 1865 1405 ἐξέλιπεν.
1971 1348 2021 1392 et

1799 1358 1865 1395 ιν.
1971 1348 2021 1392 et
2055 1336 2307 1403 sitientes,
2343 1341 2520 1393 anima
2547 1356 2726 1394 eorum
2750 1342 2805 1394 in
2833 1342 2961 1409 ipsis
2993 1338 3198 1408 defecit.
3222 1337 3330 1395 Nos
3357 1338 3504 1395 scilio

347 1431 531 1503 Ἡμεῖς
552 1433 651 1503 μὲν
672 1434 721 1486 οί
742 1434 846 1504 πρὸ
882 1433 977 1503 τῆς
997 1432 1091 1486 τοῦ
1124 1434 1366 1503 Σωτῆρος
1390 1431 1543 1502 ήμῶν
1568 1430 1869 1494 θεοσεϐείας
1971 1440 2052 1485 cet

1798 1431 1869 1494 ξας
1971 1440 2057 1485 cet
2092 1432 2181 1499 qui
2215 1437 2339 1483 ante
2363 1430 2599 1484 divinum
2647 1428 2947 1485 Servatoris
2976 1430 3146 1484 nostri
3188 1429 3408 1492 cultum,
3450 1428 3503 1481 in

337 1525 426 1577 καὶ
450 1527 506 1578 ἐν
526 1524 773 1594 ἀκάρπῳ,
797 1524 1005 1594 ἀνύδρῳ
1032 1541 1090 1576 τε
1110 1524 1202 1577 καὶ
1221 1523 1396 1594 ἀγόνῳ
1420 1524 1530 1592 ζωῇ
1556 1522 1720 1574 πάλαι
1749 1521 1874 1591 πρό-
1966 1521 2042 1574 vit

1795 1521 1874 1591 ρό-
1966 1521 2075 1574 vita
2120 1519 2457 1589 infrugifera,
2495 1520 2757 1588 inaquosa
2798 1520 3075 1590 sterilique
3120 1521 3247 1575 olim
3288 1520 3500 1575 erraba-

324 1629 486 1684 τερον
516 1613 935 1683 πεπλανημένοι,
972 1614 1060 1665 ὅτε
1090 1608 1227 1682 ἦμεν
1258 1612 1381 1682 ἔθνη
1419 1611 1605 1678 ἀλογα,
1640 1609 1773 1680 πρὸς
1804 1609 1869 1662 τὰ
1965 1625 2029 1664 ml

1804 1609 1869 1662 τὰ
1965 1625 2107 1675 mus,
2138 1625 2261 1665 cum
2290 1617 2477 1681 gentes
2506 1611 2909 1667 irrationabiles
2948 1628 3213 1679 essemus,
3241 1621 3401 1680 atque
3437 1611 3501 1663 ad

332 1703 523 1759 εἴδωλα
554 1704 623 1756 τά
656 1704 840 1772 ἄφωνα
878 1704 1227 1774 ἀπαγόμενοι,
1258 1706 1305 1756 οί
1335 1702 1599 1773 μηδέποτε
1630 1700 1743 1754 ὁδὸν
1772 1701 1884 1753 πός·Δ
1966 1715 2037 1753 mt

1799 1701 1884 1753 ιόε-Δ
1966 1706 2112 1753 muta
2140 1698 2280 1753 idola
2309 1699 2698 1755 abduceremur
2722 1721 2737 1756 :
2762 1702 2853 1772 qui
2881 1716 3158 1771 nunquam
3195 1700 3339 1755 viam
3371 1699 3504 1754 civi-

333 1791 467 1854 λεως
490 1793 899 1862 κατοικητήριον
922 1790 1185 1861 εὑρόντες·
1211 1792 1296 1843 ὅτε
1320 1786 1458 1860 ἦμεν
1487 1788 1750 1860 ἀλλότριοι
1777 1788 1872 1857 τῆς
1966 1787 2038 1843 lat

1797 1788 1872 1857 ἧς
1966 1787 2093 1844 latis
2124 1790 2416 1845 habitaculi
2455 1790 2851 1858 inveneramus,
2884 1807 3005 1848 cum
3031 1791 3188 1848 alieni
3211 1805 3452 1847 essemus
3472 1804 3502 1844 a

333 1882 602 1945 πολιτείας
624 1882 715 1935 τοῦ
764 1882 993 1953 Ἰσραὴλ,
1024 1882 1210 1935 ἐλπίδα
1238 1882 1309 1952 μή
1340 1881 1570 1951 ἔχοντες,
1603 1880 1697 1933 καὶ
1724 1878 1868 1932 ἄθεοι
1903 1863 1940 1917 Β
1966 1880 2038 1933 cit

1797 1896 1868 1931 εοι
1903 1863 1940 1917 Β
1966 1879 2183 1934 civitate
2223 1878 2456 1943 lsraelis,
2492 1895 2614 1935 cum
2654 1881 2857 1936 nullam
2898 1874 3046 1953 spem
3089 1882 3409 1937 haberemus
3448 1888 3502 1935 et

330 1972 390 2023 ἐν
416 1970 495 2041 τῷ
522 1972 727 2041 κόσμῳο
777 1973 825 2023 οί
875 1972 1231 2042 μεμισημένοι
1275 1971 1460 2034 πάλαι,
1498 1972 1554 2023 ἐν
1599 1969 1740 2041 λιμῷ
1777 1972 1869 2023 καὶ
1966 1966 2035 2020 at]

1796 1972 1869 2023 ιαὶ
1966 1966 2108 2021 athei
2129 1967 2186 2020 in
2216 1967 2418 2021 mundo
2438 1982 2682 2024 essemus
2708 1987 2720 2023 :
2745 1970 2839 2039 qui
2871 1970 2997 2025 olim
3021 1970 3145 2025 odio
3176 1983 3414 2034 eramus,
3444 1970 3501 2023 in

328 2060 467 2129 δίψει
490 2061 585 2131 τὴν
610 2062 782 2133 ψυχὴν
806 2062 1162 2125 ἐκλείποντες,
1186 2061 1272 2114 διά
1302 2062 1361 2114 τὸ
1386 2060 1707 2131 ἐστερῆσθαι
1734 2060 1869 2128 λογι-
1964 2054 2033 2107 fat

1808 2078 1869 2128 rt-
1964 2054 2104 2109 fame
2134 2061 2189 2108 et
2220 2054 2307 2109 siti
2335 2056 2514 2109 animo
2540 2054 2871 2124 deficientes,
2907 2059 3050 2128 quod
3095 2058 3401 2114 rationabili
3446 2066 3513 2114 et‘

326 2151 430 2219 κῆε
470 2151 562 2204 καὶ
598 2151 911 2221 ἐπουρανίου
953 2150 1153 2221 τροφῆς
1187 2150 1347 2204 ποτοῦ
1384 2169 1443 2204 τε
1480 2154 1864 2223 πνευματικοῦ,
1962 2158 2031 2198 (ἔα

1794 2154 1864 2217 κς,
1962 2144 2167 2199 caelesti
2191 2144 2313 2199 cibo
2340 2148 2713 2217 spiritualique
2745 2156 2871 2219 potu
2898 2150 3091 2219 privati
3116 2165 3379 2217 essemus,
3408 2165 3499 2206 se-

326 2230 465 2292 κάτά
496 2240 575 2291 τό·
617 2240 1017 2303 Ἑξαποστελῶ
1052 2244 1124 2295 οὺ
1153 2240 1329 2310 λιμὸν
1354 2241 1554 2310 ἄρτου,
1597 2242 1737 2297 οὐδὲ
1779 2243 1870 2296 δί-
1965 2250 2031 2289 Cll

1795 2243 1870 2296 st-
1965 2235 2199 2289 cundum
2225 2235 2353 2290 illud
2384 2255 2397 2290 :
2426 2235 2675 2292 Emittunt
2708 2257 2810 2295 non
2837 2239 3024 2308 [amem
3051 2240 3223 2308 panis,
3252 2256 3408 2311 neque
3427 2240 3500 2294 si-

323 2332 450 2397 ψαν
480 2330 712 2395 ὓδατος,
741 2331 900 2385 ἀλλὰ
926 2331 1103 2399 λιμὸν
1132 2332 1237 2385 τοῦ
1265 2332 1519 2386 ἀκοῦσαι
1546 2336 1729 2403 λόγον
1748 2336 1863 2387 Κυ-

322 2419 471 2484 ρίου.
500 2418 611 2472 Καί
642 2419 1117 2486 σαλευθήσονται
1153 2419 1338 2475 ὕδατα
1370 2422 1485 2476 ἀπὸ
1515 2414 1622 2488 τῆς
1644 2422 1863 2475 θαλάσ-

321 2525 441 2577 σης
466 2510 575 2577 ἕως
604 2510 713 2579 τῆς
742 2511 1073 2579 θαλάσσης,
1102 2513 1200 2566 καὶ
1232 2513 1350 2567 ἀπὸ
1373 2510 1561 2579 ,ϐορρᾶ
1580 2512 1688 2577 ἕως
1720 2512 1861 2565 ἀνα-

322 2598 532 2664 τολῶν,
557 2600 1042 2670 περιδραμοῦνται
1069 2601 1374 2671 ζητοῦντες
1401 2601 1505 2654 τὸν
1536 2602 1717 2670 λόγον
1743 2606 1860 2656 Κυ-

318 2689 470 2758 ρίου,
520 2691 615 2743 καί
646 2692 717 2745 οὐ
742 2692 826 2760 μὴ
874 2693 1116 2761 εὕρωσι·
1166 2693 1247 2745 διὸ
1291 2692 1383 2745 καὶ
1429 2694 1486 2745 ἐν
1526 2692 1716 2763 ἐρήμῳ
1755 2692 1860 2745 τῶν

320 2778 526 2849 ἀρετῶν
558 2778 707 2843 ὅντες
733 2781 1102 2851 ἐπλανώμεθα,
1138 2781 1367 2852 ποδηγὸν
1392 2783 1482 2834 καὶ
1512 2781 1751 2851 ἡγεμόνα
1784 2781 1859 2852 μή

318 2866 550 2937 ἔχοντες,
571 2862 614 2935 ᾧ
634 2870 877 2940 ἑπόμενοι
907 2871 1080 2942 εὑρεῖν
1102 2866 1273 2924 οἷοίτε
1299 2866 1436 2941 ἦμεν
1463 2871 1595 2942 μετά
1626 2871 1722 2943 τὴν
1744 2872 1858 2926 ὁδὸν

319 2952 470 3007 πόλιν
501 2950 559 3009 εὖ
591 2955 1004 3029 διατεταγμένην
1045 2959 1173 3029 ἱερῷ
1214 2960 1380 3029 νόμῳ,
1426 2962 1482 3013 ἐν
1592 2964 1857 3015 κατοικεῖν

318 3045 621 3117 ἠδυνάμεθα
667 3049 739 3120 μή
789 3050 1217 3122 ἀναχωροῦντες·
1255 3052 1386 3121 αὕτη
1415 3052 1474 3105 δέ
1513 3055 1655 3107 ἐστιν
1690 3052 1854 3124 ἀρετή

1962 2327 2054 2378 tim
2082 2343 2260 2403 aqua;
2303 2328 2391 2381 sed
2431 2330 2623 2398 {amem
2656 2332 2901 2386 audiendi
2931 2332 3132 2387 verbum
3165 2331 3394 2387 Domini.
3428 2332 3498 2386 Et

1958 2422 2410 2474 commovebuntur
2449 2438 2597 2492 aqum
2623 2441 2655 2477 a
2688 2426 2822 2478 mari
2867 2441 3024 2495 usque
3055 2424 3121 2479 ad
3148 2441 3309 2490 mare,
3351 2434 3401 2479 et
3431 2427 3496 2478 ab

1958 2512 2196 2579 aquilone
2232 2530 2391 2582 usque
2427 2513 2495 2567 ad
2535 2514 2778 2569 orientem
2817 2532 2836 2569 :
2880 2516 3168 2571 circuibunt
3215 2527 3495 2588 quierentes

1958 2601 2162 2654 verbum
2223 2602 2475 2667 Domini,
2526 2611 2576 2657 et
2625 2620 2726 2657 non
2786 2605 3383 2675 invenient";;idcirco
3438 2608 3494 2661 in

1957 2690 2169 2747 deserto
2191 2694 2446 2749 virtutum
2480 2694 2806 2749 exsistentes
2842 2696 3177 2759 errabamus,
3208 2697 3399 2753 ducem
3431 2712 3495 2753 ac

1956 2786 2251 2854 principem
2290 2800 2397 2839 non
2442 2786 2607 2849 nacti,
2638 2795 2797 2854 quem
2827 2796 3112 2856 sequentes
3142 2787 3370 2844 decursa
3406 2789 3490 2842 via

1954 2875 2188 2943 reperire
2208 2890 2485 2945 possemus
2509 2875 2775 2930 civitatem
2801 2892 2953 2932 sacra
2971 2878 3083 2948 lege
3101 2879 3204 2933 rite
3222 2881 3491 2937 constitu-

1951 2969 2081 3027 tam,
2104 2964 2157 3016 in
2173 2977 2275 3033 qua
2294 2963 2530 3019 habitare
2551 2978 2848 3034 possemus,
2868 2983 3141 3039 nunquam
3161 2968 3285 3025 inde
3312 2982 3488 3027 reces-

1951 3056 2091 3110 suri;
2111 3055 2221 3110 haec
2243 3063 2417 3110 autem
2436 3065 2518 3111 est
2535 3057 2703 3113 virtus
2717 3066 2765 3113 et
2783 3056 2870 3113 Dei
2890 3059 3407 3129 sapientia—Vens.
3431 3062 3484 3117 6.

317 3139 411 3191 ml
439 3138 571 3193 Θεοῦ
597 3141 773 3209 σοφία.
806 3143 912 3196 Kal
940 3142 1264 3208 ἐκέκραξαν
1285 3141 1432 3208 πρὸς
1457 3142 1671 3209 Κύριον
1690 3142 1760 3195 ὲν
1777 3141 1853 3207 τῷ
1878 3183 1919 3241 C
1954 3142 2022 3196 Et

1781 3141 1853 3207 τῷ
1878 3183 1919 3241 C
1954 3142 2023 3196 Et
2049 3144 2405 3197 clamauerunt
2441 3144 2509 3197 ad
2542 3145 2819 3225 Dominum
2854 3162 2971 3199 cum
3000 3148 3396 3217 tribularentur,
3437 3162 3486 3205 et

259 3294 263 3297 Α
316 3228 612 3283 θλίϐεσθαι
634 3230 867 3295 αὐτοὺς,
897 3232 991 3283 καὶ
1015 3232 1081 3283 ἐκ
1109 3229 1224 3282 τῶν
1248 3228 1520 3299 ἀναγκῶν
1542 3229 1737 3284 αὐτῶν
1760 3230 1853 3299 ἑρ-

310 3316 534 3381 ῥύσατο
566 3320 799 3383 αὐτούς.
836 3319 953 3372 Τῶν
998 3319 1163 3371 ἐθνῶν
1206 3318 1454 3372 ἀπάντων
1492 3318 1850 3391 πλανωμένων

314 3405 372 3457 ἐν
392 3409 460 3477 γῇ
485 3408 674 3479 ἐρήμῳ
696 3409 785 3461 καὶ
813 3409 1041 3483 ἀνύδρῳ,
1070 3411 1278 3482 καὶτῆς
1297 3410 1471 3481 ψυχῆς
1493 3410 1667 3465 αὐτῶν
1688 3411 1851 3465 ἐκλει-

312 3495 516 3565 πούσης
536 3496 595 3561 ἐξ
619 3499 874 3570 ἀτροφίας
899 3501 1175 3574 σωτηρίων
1202 3502 1389 3569 λόγων,
1413 3502 1579 3555 ἐϐόων
1605 3502 1738 3572 πρὸς
1759 3503 1848 3556 τὸν

309 3587 440 3640 Θεὸν
468 3588 811 3655 ἱκετεύοντες,
842 3590 1015 3644 κοινὸν
1058 3591 1227 3643 ἅπασι
1255 3591 1705 3663 καταπεμφθῆναι
1737 3594 1848 3647 Σω-

308 3679 467 3749 τῆρα.
490 3679 598 3732 Καὶ
619 3678 942 3747 ἐκέκραξαν
968 3680 1114 3748 πρὸς
1136 3682 1432 3749 Κύρισνέν
1451 3680 1531 3748 τῷ
1549 3684 1847 3739 θλίϐεσθαι

307 3768 544 3833 αὐτούς.
569 3768 712 3831 Τοὺς
735 3771 1231 3843 ἐγκεχειρισμένους
1259 3773 1451 3838 αὐτοὺς
1478 3774 1846 3847 ὑπρπάσχον-

306 3873 396 3920 τες
422 3859 515 3910 καὶ
544 3858 966 3930 ὑπεραλγοῠντες
993 3861 1170 3917 αὐτῶν
1197 3864 1289 3918 καὶ
1312 3865 1583 3935 διψώντων
1625 3868 1716 3920 καὶ
1745 3868 1843 3937 τὴν

305 3946 479 4019 ψυχὴν
500 3948 597 4021 ήδη
617 3949 682 4003 δι’
705 3951 964 4021 ἀτροφίαν
990 3954 1361 4024 ἐκλειπόντων,
1388 3957 1554 4009 ἐϐόων
1574 3958 1723 4010 αὐτοὶ
1750 3960 1842 4011 καὶ

304 4038 532 4109 ἔκραζον
580 4038 714 4111 πρὸς
756 4041 975 4111 Κύριον,
1022 4043 1161 4116 ὑπὲρ
1202 4044 1310 4097 τῶν
1358 4048 1569 4099 οἰκείων
1616 4048 1840 4113 ἕκαστος

303 4133 707 4202 πρεσϐεύοντες.

373 4223 477 4278 Kal
500 4224 805 4293 ὡδήγησεν
824 4227 1039 4292 αὐτοὺς
1064 4230 1151 4293 είς
1177 4228 1319 4281 ὀδόν
1341 4230 1589 4297 εὐθεῖαν,
1617 4230 1722 4285 τοῦ
1743 4245 1839 4285 πο·

296 4313 579 4384 ρωθῆναι
614 4317 697 4380 είς
739 4318 919 4370 πόλιν
953 4319 1417 4387 κατοικητηρίου.
1462 4320 1836 4389 Ἐξομολογη-

298 4404 624 4461 σάσθωσαν
656 4405 735 4471 τῷ
769 4408 959 4476 Κυρίῳ
984 4409 1055 4461 τὰ
1081 4408 1220 4475 ὲλέη
1248 4410 1451 4472 αὐτοῦ,
1484 4412 1581 4463 καί
1605 4412 1674 4466 τὰ
1696 4415 1835 4465 θαυ-

295 4497 479 4567 μάσια
503 4498 686 4553 αὐτοῦ
710 4497 829 4565 τοῖς
853 4498 1001 4565 υίοῒς
1024 4499 1137 4551 τῶν
1158 4499 1490 4568 ἀνθρώπων.
1522 4503 1585 4554 Ol
1612 4504 1831 4595 nam?
1862 4537 1907 4595 Π

297 4588 665 4661 ἐπλανήθησαν
689 4591 746 4642 ἐν
766 4591 835 4659 γῇ
860 4589 1046 4660 ἐρήμῳ
1074 4591 1165 4643 καὶ
1192 4590 1418 4661 ἀνύδρῳ,
1442 4591 1595 4645 τοῦτο
1617 4590 1827 4663 πρῶτον

295 4678 505 4749 νόσημα
530 4681 871 4751 νενοσηκότες
898 4680 957 4732 τὸ
980 4680 1077 4751 τῆς
1103 4680 1326 4752 πλάνηςδ
1362 4684 1453 4736 καὶ¹
1477 4682 1706 4753 δευτέρῳ
1730 4700 1827 4735 κα·-

294 4766 376 4837 κῷ
408 4772 786 4837 περιπεσόντες
822 4770 939 4825 ὁδὸν
972 4772 1175 4836 πόλεως
1215 4773 1624 4844 κατοικητηρίου
1655 4773 1828 4842 αὐτῶν

293 4860 389 4928 οὑχ
433 4852 606 4929 εὖρον
659 4864 751 4914 καὶ
800 4864 978 4934 τρίτον
1025 4863 1081 4916 δὲ
1114 4864 1305 4927 αὐτοὺς
1341 4864 1591 4935 περιέσχε
1641 4865 1825 4928 κακὸν,

293 4950 519 5021 ἐπείπερ
544 4946 680 5023 ἦσαν
706 4956 989 5019 πεινῶντες
1012 4957 1103 5009 καὶ
1132 4957 1406 5026 διψῶντες,
1432 4956 1506 5020 ὼς
1535 4958 1631 5029 τὴν
1655 4959 1827 5030 ψυχὴν

293 5038 467 5093 αὐτῶν
502 5040 768 5097 ἐκλείπειν
802 5047 857 5098 ἐν
897 5048 1093 5109 αὐτοῖς.
1134 5047 1190 5100 Ὃ
1214 5046 1269 5099 δὲ
1301 5047 1671 5119 φιλάνθρωπος
1696 5050 1826 5115 Θεὸς

291 5133 382 5185 καὶ
412 5132 612 5200 ἀγαθὸς
638 5135 821 5205 Σωτὴρ
858 5137 1068 5208 πρῶτον
1099 5139 1193 5209 μὲν
1216 5138 1491 5210 ὡδήγησεν
1518 5142 1707 5205 αὐτοὺς
1748 5146 1824 5217 είς

291 5223 404 5277 ὁδὸν
425 5224 665 5307 εὐθεῖαν-η
685 5226 869 5307 ἔπειτα
900 5229 1097 5297 ἔδειξεν
1122 5234 1299 5295 αὐτοῖς
1326 5233 1437 5295 πῶς
1460 5234 1561 5305 χρὴ
1595 5234 1824 5303 βαδίζειν

292 5316 386 5386 τὴν
415 5304 679 5388 φέρουσαν
716 5304 793 5382 είς
818 5318 913 5390 τὴν
943 5322 1093 5375 πόλιν
1132 5323 1222 5377 τοῦ
1254 5304 1680 5397 κατοικητηρίου.
1717 5328 1822 5381 Καὶ

292 5406 371 5470 τίς
390 5406 455 5461 ἂν
479 5408 561 5480 εἴη
595 5411 627 5481 ή
660 5411 835 5465 εὐθεῖα
864 5412 977 5476 ὁδὸς
1005 5415 1037 5485 ἢ
1065 5415 1094 5466 ὁ
1126 5416 1383 5488 σωτήριος
1426 5416 1577 5485 λόγος
1605 5419 1633 5471 ὁ
1662 5419 1822 5487 εὐαγ-

293 5496 516 5566 γελικὸς,
548 5500 577 5552 ὁ
611 5502 764 5571 μόνος
800 5503 943 5573 ἡμᾶς
971 5504 1117 5573 ἀγων
1144 5507 1224 5569 είς
1254 5506 1352 5577 τὴν
1392 5506 1704 5577 ἐπουράνιον
1736 5510 1822 5561 πό-

292 5594 387 5643 λιν·
418 5590 475 5643 ἐν
562 5592 833 5663 γενόμενοι
866 5594 926 5647 τὸ
959 5599 1368 5669 κατοικητήριον
1404 5598 1557 5669 ήμῶν
1600 5600 1819 5671 εὑρήσο-

263 5697 418 5757 νμενς
467 5679 1137 5752 Ἐξομολοτησάσθωσαν
1195 5688 1274 5753 τῷ
1325 5689 1513 5757 Κυρίῳ
1567 5690 1637 5769 τὰ
1678 5689 1816 5744 ἐλέυ

358 5863 400 5893 ⁷³
444 5860 601 5917 Amos
635 5836 761 5925 vni,
801 5865 857 5918 Η
885 5903 899 5926 ,
939 5866 1023 5918 12.

567 5958 833 6021 Pareat.
871 5961 986 6023 Gn.
1023 5961 1230 6022 XXI”

1952 3235 2341 3288 necessitatibus
2374 3252 2553 3289 eorum
2580 3238 2766 3305 eripuit
2790 3253 2895 3291 eos.
2924 3237 3121 3295 Gentes
3153 3255 3339 3297 omnes
3366 3256 3485 3297 cum

1950 3324 2005 3378 in
2042 3324 2255 3381 deserto
2281 3335 2336 3383 et
2383 3328 2646 3395 inaquoso
2688 3337 2952 3393 errarent,
2985 3338 3145 3401 atque
3179 3333 3356 3388 anima
3398 3348 3484 3389 ea-

1937 3431 2067 3469 .rum
2122 3432 2187 3471 ex
2233 3419 2458 3487 penuria
2504 3419 2820 3475 salutarium
2866 3421 3149 3477 verborum
3212 3423 3482 3491 deﬁceret,

1948 3505 2249 3559 clamabant
2290 3507 2354 3561 ad
2404 3506 2573 3567 Deum
2624 3510 3019 3580 supplicantes,
3068 3523 3127 3567 ut
3181 3516 3482 3573 communis

1946 3597 2197 3652 omnibus
2241 3596 2496 3653 Servator
2534 3600 2839 3656 mitteretur
2868 3621 2879 3657 :
2912 3600 2978 3655 Et
3028 3603 3378 3679 clamauerunt
3412 3609 3481 3662 ad

1950 3685 2222 3742 Dominum
2248 3706 2363 3743 cum
2397 3691 2791 3746 tribularentur.
2833 3692 3070 3763 Captivis
3105 3696 3473 3761 condolentes.

1942 3792 2004 3832 ac
2033 3793 2160 3849 erga
2198 3766 2446 3836 sitientes
2476 3791 2528 3836 et
2570 3797 2679 3852 pra!
2709 3782 2814 3837 cibi
2867 3784 3091 3853 penuria
3139 3786 3318 3840 animo
3345 3787 3474 3844 deli-

1942 3867 2145 3923 cientes
2172 3869 2541 3923 misericordia
2565 3871 2716 3941 moti,
2748 3871 3052 3926 clamabant
3081 3874 3180 3942 ipsi
3208 3884 3263 3930 et
3283 3876 3473 3933 vocife-

1941 3957 2196 4011 rabantur
2216 3958 2281 4011 ad
2302 3957 2606 4023 Dominum,
2631 3972 2727 4029 pro
2751 3962 2865 4016 suis
2885 3962 3081 4031 singuli
3103 3963 3471 4034 deprecantes.

2007 4211 2167 4268 Vens.
2197 4213 2245 4276 7,
2279 4218 2331 4266 δ.
2375 4212 2441 4266 Et
2458 4213 2672 4269 deduxit
2690 4232 2775 4272 eos
2798 4219 2851 4272 in
2870 4212 3004 4275 viam
3025 4234 3237 4295 rectam,
3258 4241 3317 4284 ut
3336 4232 3470 4289 irent

1934 4300 1985 4353 in
2013 4301 2267 4355 civitatem
2299 4302 2657 4359 habitationis.
2681 4303 3041 4376 Conﬁteantur
3067 4313 3289 4372 Domino
3318 4322 3469 4377 mise-

1935 4392 2174 4447 ricordia
2212 4393 2345 4462 ejus,
2374 4402 2422 4447 et
2451 4394 2715 4450 mirabilia
2750 4397 2863 4467 ejus
2903 4401 3031 4469 ﬁliis
3074 4388 3355 4463 hominum.
3387 4409 3471 4465 Illi

1933 4484 2195 4554 siquidem
2227 4471 2544 4540 erraverunt
2576 4486 2633 4541 in
2675 4495 2819 4544 terra
2849 4490 3063 4548 deserta
3095 4506 3148 4551 et
3184 4498 3463 4569 inaquosa,

1932 4577 2032 4631 hac
2063 4577 2231 4646 prima
2259 4577 2601 4649 aagritudine,
2633 4584 2837 4638 erroris
2870 4582 3094 4648 scilicet,
3138 4579 3462 4650 laborantes.

1929 4666 2067 4722 Hine
2090 4669 2141 4721 in
2172 4668 2463 4724 secundum
2493 4671 2691 4726 malum
2715 4672 2938 4745 delapsi,
2962 4677 3101 4733 viam
3131 4682 3382 4747 civitatis,
3408 4685 3461 4739 in

1927 4774 2030 4829 qua
2062 4760 2387 4824 habitarent,
2419 4775 2526 4814 non
2571 4762 2893 4820 invenerunt
2926 4786 2939 4823 :
2968 4783 3031 4823 ac
3060 4772 3275 4826 tertium
3314 4774 3459 4845 ipsos
3529 4820 3535 4829 .

1926 4851 2126 4903 malum
2160 4852 2375 4915 invasit,
2410 4851 2538 4921 quia
2570 4855 2880 4911 esuriebant
2906 4864 2961 4913 et
2992 4859 3262 4927 sitiebant,
3305 4863 3379 4918 ita
3404 4876 3457 4921 ut

1926 4942 2101 4993 anima
2148 4956 2333 4995 eorum
2378 4941 2613 5015 inipsis
2659 4945 2929 5004 deﬁceret.
2971 4948 3238 5022 Benignus
3284 4966 3457 5013 autem

1926 5032 2066 5087 Deus
2099 5046 2161 5086 ac
2200 5032 2376 5087 bonus
2407 5032 2674 5101 Salvator,
2699 5037 2874 5106 primo
2895 5040 3106 5111 quidem
3130 5044 3345 5100 deduxit
3364 5065 3454 5106 eos

1924 5123 1977 5177 in
2017 5124 2155 5177 viam
2202 5134 2438 5193 rectam;
2487 5125 2681 5183 deinde
2720 5128 2904 5184 docuit
2949 5146 3042 5186 eos
3069 5148 3176 5202 quo
3207 5146 3364 5205 pacto
3393 5120 3453 5195 in

1923 5220 2006 5274 via
2044 5217 2109 5271 ad
2139 5217 2409 5273 civitatem
2462 5220 2752 5276 habitaculi
2796 5221 3044 5288 ducente,
3082 5227 3449 5295 graderentur.

1921 5309 2102 5381 Ecqua
2143 5323 2271 5364 vero
2305 5311 2396 5365 illa
2447 5320 2596 5367 recta
2636 5312 2723 5365 via
2780 5310 2978 5377 fuerit,
3035 5314 3141 5370 nisi
3202 5318 3448 5377 salutaris

1921 5418 2097 5461 sermo
2126 5402 2489 5472 evangelicus,
2520 5403 2612 5474 qui
2642 5402 2790 5458 Solus
2832 5418 2930 5459 nos
2959 5404 3026 5458 ad
3054 5408 3325 5464 caelestem
3360 5412 3445 5467 du-

1920 5497 1993 5551 cit
2019 5495 2323 5562 Civitatem;
2374 5495 2427 5549 in
2456 5511 2562 5566 qua
2596 5496 2896 5561 constituti,
2938 5497 3298 5554 habitaculum
3350 5519 3443 5559 no-

1919 5596 2087 5643 strum
2114 5588 2488 5657 reperiemus?
2518 5585 2876 5655 Conﬁteantur
2904 5587 3124 5644 Domino
3159 5592 3443 5648 misericor-

1917 5680 2019 5735 dia:
2046 5680 2178 5750 ejus,
2220 5686 2270 5734 et
2309 5678 2575 5734 mirabilia
2604 5679 2715 5750 ejus
2755 5679 2881 5749 ﬁliis
2924 5680 3187 5736 hominum
3212 5700 3230 5736 :
3259 5686 3441 5755 pmdi.

3064 5961 3140 6021 (si
