4318 6400
782 450 916 500 132'.)

1467 406 1725 494 nam
1763 434 2237 494 cmsamsnsrs
2273 435 2419 493 ore.
2460 434 2640 493 psus
2668 426 2760 491 in.”
2794 402 3270 514 Justinus.

3836 436 3971 495 132i

779 569 968 619 cautes
994 558 1243 632 omnibus
1278 555 1400 612 filiis
1427 530 1724 624 hominum,
1758 564 1819 611 ut
1838 571 2027 612 omnes
2051 556 2117 611 de
2149 556 2322 627 gratia

2350 562 2393 616 Α
2421 557 2625 623 αὑτοῦ,
2653 556 2750 609 καὶ
2780 556 2850 609 τὰ
2877 553 3176 624 θαυμάσια
3204 553 3385 607 αὐτοῦ
3407 552 3531 620 τοῖς
3551 552 3699 620 υίοῖς
3733 553 3850 608 τῶν
3880 554 3978 606 ἀν-

781 652 875 707 Dei
910 652 964 705 in
994 665 1092 705 nos
1124 648 1340 711 collata,
1374 634 1548 733 deque
1570 647 1692 716 ejus
1720 646 2092 701 misericordia
2131 645 2327 701 certio-

782 759 868 798 res
899 741 1093 808 eﬂ‘ecti,
1119 739 1185 794 ad
1208 739 1437 795 salutem
1460 753 1811 811 properemus
1840 744 2104 792 nostram.

851 1021 1015 1079 Vens.
1042 1022 1194 1078 9-H.
1238 1020 1376 1086 Quia
1401 1018 1610 1073 satiavit
1635 1004 1871 1069 animam
1891 1015 2117 1076 inanem,
2141 1018 2190 1064 et
2212 1009 2326 1062 ani-

782 1133 920 1170 mam
948 1117 1258 1170 esurientem
1287 1112 1497 1181 replevit
1539 1109 1707 1173 bonis,
1740 1105 1970 1161 sedentes
2017 1103 2071 1155 in
2105 1099 2325 1155 tenebris

780 1220 826 1263 et
847 1210 1030 1263 umbra
1050 1207 1254 1270 mortis,
1278 1207 1473 1259 vinctos
1498 1205 1554 1256 in
1583 1200 1911 1255 mendicitate
1936 1206 1984 1251 et
2004 1197 2162 1266 ferro.
2189 1194 2326 1260 Quia

779 1300 1213 1355 exacerbaverunt
1245 1296 1452 1365 eloquia
1497 1292 1730 1355 Domini,
1762 1300 1810 1344 et
1849 1289 2123 1344 consilium
2160 1286 2328 1340 Altis-

779 1392 901 1445 simi
929 1389 1285 1443 irritaverant.
1316 1384 1574 1440 Umbram
1601 1384 1791 1436 mortis
1819 1381 1864 1436 si
1888 1378 2244 1435 idololatriam
2274 1383 2327 1431 et

780 1472 979 1551 impias
1017 1478 1258 1532 actiones
1304 1475 1527 1538 dixeris,
1580 1473 1891 1542 neutiquam
1946 1471 2186 1525 aberres.
2234 1465 2327 1521 lla:

777 1571 976 1641 quippe
1006 1575 1135 1624 sunt
1171 1582 1290 1637 qua).
1326 1580 1426 1619 nos
1449 1580 1479 1618 a
1510 1579 1636 1619 vera
1668 1563 1780 1617 vita
1823 1567 2119 1619 semovent.
2149 1558 2325 1612 ln-his

779 1674 943 1732 porro
971 1667 1128 1714 antea
1164 1655 1537 1715 versahamur,
1574 1652 1792 1722 quando
1824 1650 1991 1705 Deum
2039 1646 2327 1703 exacerba-

778 1755 988 1818 bamus,
1009 1759 1061 1808 et
1080 1742 1645 1818 consiliumAltissimi
1670 1743 2030 1797 irritabamus.
2050 1740 2180 1793 Nam
2203 1754 2324 1792 cum

778 1844 1104 1915 oportuisset
1147 1856 1213 1896 ex
1239 1836 1607 1908 magnitudine
1646 1843 1699 1888 et
1744 1830 2144 1902 pulchritudine
2168 1843 2324 1883 crea-

2425 646 2684 714 θρώπων·
2711 646 3181 718 κηρύσσοντεςείς
3208 645 3410 708 πάντας
3431 645 3555 708 τοὺς
3578 645 3724 707 υἱοὺς
3750 643 3858 697 τῶν
3885 644 3979 696 άν-

2424 735 2676 807 θρώπων,
2718 737 2862 799 ὃπως
2900 738 2948 790 οἱ
2991 737 3209 799 πάντες,
3254 735 3350 805 τὴν
3396 734 3553 805 χάριν
3593 734 3691 805 τὴν
3723 735 3802 797 εἰς
3830 735 3976 805 ἡμᾶς

2425 828 2788 899 γεγενημένην
2820 826 3005 881 καὶτὰ
3039 826 3159 898 ὲλέη
3198 827 3289 881 τοῦ
3324 826 3457 879 Θεοῦ
3493 825 3770 897 μαθόντες,
3807 822 3974 879 σπεύι

2427 934 2604 987 σωμεν
2635 919 2726 970 ἐπὶ
2758 918 2854 989 τὴν
2879 918 3055 973 αὐτῶν
3089 917 3377 987 σωτηρίαν.

2496 1030 2615 1083 Ὅτι
2644 1030 2931 1097 ἐχόρτασε
2952 1030 3039 1097 ita:
3044 1027 3161 1096 χὴν
3184 1027 3389 1096 κενὴν,
3410 1027 3510 1081 καὶ
3534 1027 3744 1097 ψυχὴν
3768 1028 3976 1083 asserib-

2425 1134 2544 1175 σαν
2576 1119 2912 1197 ἐνέπλησεν
2954 1119 3208 1188 ἀγαθῶν,
3250 1118 3622 1187 καθημένους
3664 1119 3732 1172 ὲν
3774 1121 3975 1173 σκότει

2426 1212 2521 1264 καί
2546 1208 2689 1276 σκιᾷ
2707 1208 2981 1275 θανάτου,
3010 1209 3457 1278 πεπεδημένους
3489 1210 3557 1263 ὲν
3591 1211 3848 1279 πτωχείᾳ
3875 1212 3971 1263 καὶ

2425 1303 2664 1372 σιδήρῳ.
2696 1305 2815 1357 Ὅτι
2842 1303 3288 1371 παρεπίκραναν
3313 1302 3384 1354 τὰ
3404 1302 3575 1369 λόγια
3602 1300 3707 1356 τοῦ
3733 1303 3971 1368 Κυρίου,

2425 1396 2523 1450 καὶ
2547 1397 2660 1464 τὴν
2687 1394 2929 1463 ,βουλὴν
2954 1393 3058 1448 τοῦ
3101 1394 3379 1462 Ὑψίστου
3408 1386 3975 1462 παρώξυνανςΣκιὰν

2426 1486 2653 1543 θανάτου
2684 1486 2784 1537 οὐκ
2821 1484 2885 1537 ἂν
2915 1484 3179 1554 ἁμάρτοις
3209 1482 3384 1553 λέγων
3411 1483 3507 1554 τὴν
3537 1467 3974 1554 εἰδωλολατρείαν

2425 1575 2521 1628 καὶ
2543 1574 2639 1637 τὰς
2662 1575 2718 1627 ὲν
2740 1573 2988 1643 ἀθεότητι
3019 1573 3262 1646 πράξεις.
3295 1568 3462 1627 Αὒται
3492 1574 3598 1646 γάρ
3626 1575 3765 1627 εἰσιν
3790 1576 3846 1629 αἱ
3869 1592 3975 1646 χω-

2428 1667 2666 1739 ρίζουσαι
2718 1669 2863 1739 ἡμᾶς
2907 1668 3005 1737 τῆς
3056 1666 3315 1737 ἀληθινῆς
3344 1664 3508 1734 ζωῆς.
3556 1666 3641 1719 Ἑν
3665 1666 3885 1731 ταύταις
3918 1665 3975 1720 δὲ

2424 1752 2563 1827 ἦμεν
2592 1756 2873 1827 πρότερον,
2903 1756 2990 1809 διὰ
3019 1756 3080 1809 τὸ
3107 1754 3557 1826 παραπικραίνειν
3585 1756 3674 1807 τὸν
3700 1755 3850 1821 Θεὸν,
3884 1757 3977 1810 καὶ

2428 1847 2529 1916 τὴν
2567 1846 2759 1917 βουλὴν
2809 1844 2901 1898 τοῦ
2960 1845 3209 1914 Ὑψίστου
3239 1844 3576 1916 παροξύνειν.
3607 1845 3732 1898 Δέον
3774 1846 3880 1916 γὰρ
3912 1848 3975 1898 ὲκ

778 1944 1017 1989 “Irarum
1043 1931 1287 2002 opiﬁcem
1317 1922 2073 1991 υθῨίθΓδθτυιη(τουίθιηβιπίν
2102 1930 2155 1974 cl
2184 1935 2327 2014 δέω·
2359 1927 2401 1980 Β
2431 1938 2688 2010 μεγέθους
2718 1940 2810 1991 καὶ
2846 1938 3102 2009 καλλονῆς
3147 1938 3457 2009 κτισμάτων
3483 1938 3572 1991 τὸν
3603 1940 3976 2014 γενεσιουργὺν

778 2026 1041 2095 piternam
1062 2022 1181 2092 ejus
1196 2020 1449 2075 virtutem
1483 2015 1923 2083 divinitatemque
1956 2027 2022 2066 ex
2054 2009 2327 2065 creatione

777 2115 964 2171 mundi
992 2113 1329 2183 intelligere;
1363 2122 1462 2163 nos
1487 2111 1683 2160 contra
1730 2103 1886 2173 quasi
1915 2101 2042 2156 caici
2075 2100 2129 2153 in
2176 2108 2325 2153 tene-

777 2209 831 2262 bi
842 2207 888 2263 is
917 2212 972 2262 et
998 2203 1190 2259 umbra
1218 2200 1410 2257 mortis
1440 2197 1717 2269 degentes,
1747 2210 1811 2250 ac
1837 2192 2133 2251 secundum
2156 2191 2324 2246 ratio-

771 2282 982 2353 nabiles
1010 2296 1203 2350 animas
1232 2292 1461 2347 virtutes
1495 2287 1783 2358 compediti
1810 2294 1864 2342 et
1901 2284 2174 2348 excaecati,
2205 2298 2327 2338 mu-

774 2388 1008 2443 tavimus
1048 2385 1273 2455 gloriam
1313 2379 1614 2450 incorrupti
1661 2377 1756 2432 Dei
1807 2376 1863 2431 in
1915 2375 2325 2432 similitudinem

776 2477 1025 2549 imaginis
1050 2474 1293 2543 corrupti
1315 2471 1570 2534 hominis,
1602 2476 1656 2526 et
1679 2467 1983 2532 volucrum,
2012 2472 2067 2522 et
2087 2465 2325 2536 quadru-

775 2568 994 2641 pedum,
1029 2574 1083 2621 et
1120 2564 1415 2636 reptillum.
2130 2553 2140 2560 ’

844 2659 1009 2716 Vens.
1040 2655 1227 2711 H-N.
1268 2653 1335 2708 Et
1358 2653 1692 2708 humiliatum
1726 2658 1803 2705 est
1843 2649 1898 2701 in
1928 2644 2195 2700 laboribus
2236 2660 2326 2698 cor

773 2768 951 2807 eorum
974 2768 993 2805 :
1016 2749 1276 2820 inﬁrmati
1295 2757 1437 2812 sunt,
1462 2734 1554 2800 nec
1575 2744 1675 2814 fuit
1705 2742 1792 2813 qui
1819 2738 2113 2813 adjuvant.
2133 2735 2326 2806 Ingens

774 2842 971 2913 quippe
1011 2828 1141 2895 illud
1182 2838 1394 2893 facinus
1442 2836 1545 2892 soli
1576 2833 1754 2890 Verbo
1786 2830 1881 2886 Dei
1922 2826 2322 2891 reservabatur,

774 2935 842 2991 de
861 2948 969 3004 quo
998 2933 1100 2990 sub
1128 2933 1241 2986 haec
1261 2927 1460 2984 dicitur
1487 2948 1503 2981 :
1529 2926 1675 2981 Misit
1713 2922 1933 2978 Verbum
1960 2936 2133 2984 suum,
2155 2926 2205 2973 et
2238 2934 2326 2972 sa—

775 3027 919 3081 navit
947 3041 1055 3089 eos,
1084 3033 1132 3078 et
1163 3020 1355 3090 eripuit
1390 3035 1476 3073 eos
1517 3017 1581 3071 de
1606 3012 1994 3069 intentionibus
2022 3006 2218 3065 eorum.
2255 3007 2325 3065 Et

775 3110 1129 3172 clamaret-unt
1160 3113 1227 3166 ad
1257 3111 1541 3165 Dominum
1582 3123 1699 3161 cum
1737 3105 2114 3158 tribularentur
2140 3117 2158 3155 :
2181 3109 2230 3155 et
2261 3099 2325 3154 de

774 3203 1167 3263 necessitatibus
1203 3216 1379 3254 eorum
1420 3198 1656 3253 liberavit
1683 3213 1790 3250 eos.
1835 3193 1903 3247 Et
1937 3192 2230 3255 eduxiteos
2262 3189 2324 3245 de

777 3295 1001 3353 tenebris
1027 3303 1075 3349 et
1102 3291 1287 3346 umbra
1318 3291 1523 3353 mortis,
1551 3297 1600 3343 et
1635 3287 1847 3342 vincula
1876 3301 2055 3340 eorum
2076 3283 2320 3351 disrupit.

770 3383 911 3439 Nam
934 3379 1205 3454 quomodo
1224 3380 1281 3434 in
1310 3376 1729 3435 necessitatibus
1756 3390 1867 3430 non
1889 3372 2173 3437 fuerimus,
2200 3386 2326 3426 cum

658 3501 662 3506 -
776 3474 1026 3546 malignis
1050 3463 1384 3527 daemonibus
1413 3475 1468 3524 et
1496 3467 1781 3538 spiritibus
1817 3464 2112 3520 immundis
2155 3461 2326 3517 servi-

776 3563 994 3620 remus?
1028 3562 1096 3615 At
1114 3559 1382 3630 benignus
1408 3565 1462 3613 et
1492 3556 1802 3613 misericors
1824 3553 1989 3621 Deus,
2018 3560 2326 3611 sanctorum

775 3653 1158 3724 prophetarum
1182 3664 1245 3704 ac
1276 3646 1652 3718 religiosorum
1684 3645 1923 3698 virorum
1950 3658 2049 3713 pro
2075 3642 2231 3699 nobis
2260 3641 2326 3696 ad

774 3761 836 3801 se
856 3742 1207 3799 clamantium
1237 3754 1426 3813 preces
1453 3736 1771 3801 exaudiens,
1810 3749 1920 3790 non
1947 3734 2109 3790 modo
2136 3749 2236 3790 nos
2260 3734 2327 3789 ab

777 3837 883 3891 Illis
919 3835 1137 3905 eripuit,
1180 3848 1367 3893 verum
1416 3831 1581 3887 etiam
1609 3841 1799 3885 eorum
1829 3827 2045 3883 vincula
2072 3825 2323 3897 disrupit.

778 3928 891 3983 Hoc
926 3941 1090 3998 porro
1114 3925 1359 3980 declarat
1400 3924 1622 3979 uberem
1668 3928 2014 3993 peccatorum
2043 3919 2326 3974 remissio-

778 4034 923 4082 nem,
950 4032 1055 4088 qua
1086 4031 1188 4072 nos
1225 4010 1520 4071 Salvatoris
1547 4013 1723 4069 nostri
1750 4008 1881 4068 Iesu
1910 4008 2115 4067 Christi
2151 4009 2326 4082 gratia

776 4113 1029 4181 dignatus
1054 4116 1141 4165 est

842 4305 1037 4360 VsnsJ
1047 4305 1123 4360 5-1
1137 4304 1168 4357 ’7
1175 4345 1187 4356 .
1203 4302 1565 4372 Conﬁteantur
1576 4300 1799 4355 Domino
1812 4298 2180 4355 misericordiae
2192 4296 2324 4366 ejus,

775 4397 1102 4453 etmirabilia
1127 4396 1241 4466 ejus
1262 4394 1390 4465 [iliis
1413 4392 1681 4447 hominum
1698 4408 1717 4446 :
1735 4392 1862 4462 quia
1883 4389 2125 4445 contrivit
2146 4396 2324 4458 portas

775 4506 959 4553 areas,
986 4497 1035 4543 et
1058 4496 1221 4542 vectes
1252 4486 1446 4556 ferreos
1479 4484 1753 4555 confregit.
1781 4480 2019 4551 Suscepit
2043 4495 2129 4534 eos
2149 4478 2213 4533 de
2243 4480 2326 4533 via

2424 2031 2531 2085 τῶν
2560 2033 2694 2085 ὅλων
2725 2032 2966 2103 θεωρεῖν,
2993 2032 3086 2085 καὶ
3118 2031 3216 2103 τὴν
3247 2019 3415 2085 ἀΐδιον
3444 2030 3607 2084 αὐτοῦ
3633 2030 3857 2101 δύναμιν
3882 2032 3997 2101 καὶ,

2426 2122 2673 2194 θειότητα
2697 2123 2803 2175 ἀπὸ
2832 2124 3059 2186 κτίσεως
3088 2124 3290 2195 κόσμου
3320 2125 3478 2176 νοεῖν*
3511 2124 3669 2194 ἡμεῖς
3696 2123 3751 2176 δὲ
3771 2120 3858 2176 οἷα
3886 2142 3976 2177 τυ-

2426 2214 2546 2284 φλοὶ
2578 2216 2634 2267 ὲν
2661 2214 2833 2285 σκότῳ
2864 2215 2957 2268 καὶ
2983 2217 3110 2286 σκιᾷ
3149 2216 3374 2269 θανάτου
3412 2216 3705 2284 διάγοντες,
3743 2218 3835 2269 καὶ
3878 2216 3975 2279 τὰς

2424 2304 2641 2379 λογικὰς
2670 2306 2767 2375 τῆς
2801 2304 2975 2375 ψυχῆς
3006 2306 3259 2377 δυνάμεις
3281 2307 3642 2377 πεπεδημένοι
3675 2298 3769 2360 καὶ
3798 2324 3975 2377 πεπηιι

2428 2396 2682 2467 ρωμένοι,
2708 2392 3097 2465 ὲνηλλάττομεν
3120 2395 3217 2465 τὴν
3248 2393 3404 2459 δόξαν
3426 2395 3515 2447 τοῦ
3545 2395 3817 2467 ἀφθάρτου
3842 2396 3975 2449 Θεοῦ

2423 2488 2481 2540 ὲν
2507 2485 2808 2557 ὁμοιώματι
2835 2487 3040 2549 εἰκόνος
3067 2485 3301 2557 φθαρτοῦ
3326 2485 3630 2557 ἀνθρώπου,
3670 2487 3763 2539 καὶ
3794 2503 3975 2540 πετει-

2425 2578 2529 2633 νῶν
2562 2580 2654 2633 καὶ
2677 2580 3018 2652 τετραπόδων
3050 2580 3142 2634 καὶ
3180 2581 3439 2652 ἑρπετῶν.

2492 2668 2602 2723 Καὶ
2639 2669 2993 2739 ἐταπεινώθη
3042 2670 3111 2725 ὲν
3149 2674 3355 2737 κόποις
3407 2673 3447 2740 ἡ
3498 2671 3707 2740 καρδία
3759 2669 3973 2725 αὐτῶν⁹

2423 2759 2772 2828 ήσθένησαν
2816 2763 2919 2816 καί
2945 2766 3057 2817 οὐκ
3094 2759 3174 2834 ἦν
3211 2765 3244 2817 ό
3270 2762 3529 2832 βοηθῶν.
3567 2764 3841 2836 Ἐτηρείτο
3870 2763 3977 2834 γὰρ

2422 2851 2484 2904 τὸ
2524 2852 2663 2923 μέγα
2688 2852 2843 2906 τοῦτο
2875 2851 3198 2925 κατόρθωμα
3233 2855 3376 2926 μόνῳ
3405 2854 3482 2926 τῷ
3511 2856 3666 2927 Λόγῳ
3698 2855 3790 2909 τοῦ
3819 2855 3974 2920 Θεοῦ,

2424 2946 2552 3024 περὶ
2575 2942 2635 2998 οὗ
2657 2945 2783 3017 ἑξῆς,
2806 2944 3035 3017 εἴρηται·
3075 2946 3404 3001 Ἀπέστειλε
3424 2947 3529 3001 τὸν
3554 2948 3746 3018 Λόγον
3769 2947 3974 3009 αὐτοῦ,

2424 3038 2521 3092 καὶ
2562 3037 2769 3092 ἰάσατο
2811 3038 3049 3103 αὐτοὺς,
3089 3038 3185 3091 καὶ
3230 3037 3605 3106 ὲλυτρώσατο
3643 3040 3864 3105 αὐτοὺς
3908 3040 3976 3093 ἐκ

2421 3122 2540 3179 τῶν
2567 3124 2898 3194 ὃιαφθορῶν
2926 3123 3142 3181 αὐτῶν.
3170 3126 3277 3180 Καὶ
3309 3127 3639 3195 ὲκέκραξαν
3674 3120 3824 3196 πρὸς
3864 3132 3975 3182 Κύ-

2344 3234 2553 3317 θριρν
2671 3217 2750 3317 τῶ
2783 3219 3083 3317 θλίϐεσθαι
3126 3218 3366 3285 αὐτοὺς,
3404 3218 3503 3272 καὶ
3539 3219 3607 3272 ἐκ
3644 3218 3762 3273 τῶν
3798 3221 3975 3290 ἀναγι-

2426 3307 2545 3361 κῶν
2568 3307 2764 3362 αὐτῶν
2787 3308 3021 3361 ἔσωσεν
3047 3310 3286 3375 αὐτούς.
3310 3309 3418 3364 Καὶ
3442 3308 3731 3380 ἐξήγαγεν
3756 3310 3976 3377 αὐτοὺς

2423 3398 2491 3452 ἐκ
2518 3400 2777 3464 σκότους
2802 3399 2900 3452 καί
2927 3398 3103 3466 σκιᾶς
3130 3399 3409 3465 θανάτου,
3432 3401 3528 3455 καὶ
3551 3400 3690 3468 τοὺς
3719 3394 3975 3472 δεσμοὺς

2410 3488 2619 3558 αὐτῶν
2656 3488 2944 3559 διέρῤηξε.
2994 3491 3119 3556 Ηῶς
3159 3491 3266 3563 γάρ
3301 3492 3401 3545 οὐκ
3440 3487 3579 3563 ἦμεν
3608 3494 3665 3545 ὲν
3694 3493 3974 3563 ἀνάγκαις,

2424 3584 2674 3653 πονηροῖς
2696 3580 2909 3651 δαίμοσι
2940 3583 3034 3640 καὶ
3064 3583 3366 3653 πνεύμασιν
3388 3583 3710 3656 ἀκαθάρτοις
3733 3585 3976 3639 δεδουλω-

2427 3672 2604 3742 μένοις
2644 3673 2779 3725 Ἀλλ’
2806 3674 2838 3725 ὁ
2859 3666 3233 3745 φιλάνθρωπος
3266 3675 3360 3729 καὶ
3395 3675 3639 3747 ἐλεήμων
3665 3676 3817 3740 Θεὸς,
3863 3680 3975 3740 ταῖς

2423 3753 2530 3817 τῶν
2558 3766 2728 3833 ἁγίων
2767 3765 2930 3819 αὐτοῦ
2960 3767 3251 3837 προφητῶν
3275 3784 3333 3820 τε
3362 3769 3455 3841 καὶ
3484 3767 3741 3837 θεοφιλῶν
3773 3768 3977 3839 ἀνδρῶν

2424 3857 2609 3926 εὐχαῖς
2636 3856 2942 3920 ἐπακούσας
2976 3856 3220 3926 βοώντων
3249 3857 3388 3928 ὑπὲρ
3431 3860 3585 3929 ἡμῶν
3625 3862 3760 3932 πρὸς
3795 3861 3975 3924 αὑτὸν,

2424 3949 2484 4002 οὐ
2518 3948 2676 4020 μόνον
2702 3948 2967 4019 ἐξήγαγεν
3000 3948 3146 4019 ἡμᾶς
3174 3949 3237 4001 ἑκ
3262 3949 3484 4013 τούτων,
3510 3949 3643 4003 ἀλλὰ
3664 3949 3977 4003 καὶτούτων

2424 4041 2493 4095 τὰ
2518 4039 2692 4111 δεσμὰ
2728 4036 3028 4112 διέρρηξεν.
3060 4039 3220 4112 Δηλοῖ
3258 4040 3314 4094 δὲ
3352 4041 3506 4095 τοῦτο
3532 4044 3630 4113 τὴν
3650 4041 3848 4113 ἀθρόαν
3873 4044 3978 4096 τῶν

2306 4134 2313 4141 ’
2423 4132 2758 4209 ἁμαρτωλῶν
2792 4132 3003 4201 ἄφεσιν,
3039 4128 3106 4204 ἦς
3146 4131 3479 4205 κατηξίωσεν
3511 4134 3654 4205 ἡμᾶς
3682 4135 3715 4207 ή
3743 4133 3836 4188 τοῦ
3866 4135 3977 4187 Σω-

2424 4224 2587 4296 τῆρος
2612 4227 2645 4295 ἡ
2656 4223 2771 4295 μῶν
2816 4223 3247 4297 ἸησοῦΧριστοῦ
3274 4227 3447 4298 χάρις.

2507 4314 3189 4387 Ἐξομολογησάσθωσαν
3236 4316 3317 4383 τῷ
3357 4318 3549 4386 Κυρίῳ
3588 4318 3659 4372 τὰ
3691 4319 3832 4388 ἐλέη
3875 4323 3977 4376 αὐ-

2425 4406 2550 4471 τοῦ,
2580 4409 2773 4463 καὶτὰ
2815 4410 3117 4479 θαυμάσια
3154 4409 3343 4464 αὐτοῦ
3373 4410 3497 4477 τοῖς
3529 4412 3681 4479 υἱοῖς
3727 4404 3845 4467 τῶν
3884 4416 3978 4469 ἀν-

2428 4495 2697 4563 θρώπων
2735 4497 2823 4550 ὅτι
2864 4494 3188 4567 συνέτριψε
3235 4499 3434 4564 πύλας
3464 4500 3717 4568 χαλκᾶς,
3756 4504 3851 4556 καὶ
3873 4521 3978 4572 μο-

772 4577 1064 4653 iniquitatis
1093 4591 1291 4641 eorum,
1313 4582 1522 4645 propter
1548 4572 1837 4643 injustitias
1862 4570 1995 4624 enim
2013 4584 2135 4623 suas
2157 4568 2326 4621 humi~

2325 4598 2326 4601 ‘
2358 4586 2401 4640 D
2429 4589 2617 4657 χλοὺς
2637 4589 2922 4658 σιδηροῦς
2948 4592 3347 4647 συνέθλασεν.
3398 4594 3763 4649 Ἀντελάόετο

774 4670 891 4724 liati
921 4679 1062 4724 sunt.
1083 4666 1317 4738 ldipsum
1343 4666 1457 4737 jam
1498 4666 1574 4721 ob
1598 4664 1899 4735 posteriora
1914 4660 2034 4731 ejus
2065 4658 2323 4715 beneﬁcia

771 4760 1054 4830 repetitur.
1102 4757 1338 4813 Estimo
1376 4764 1557 4811 autem
1599 4756 1960 4809 humanarum
2016 4752 2318 4806 animarum

771 4853 838 4908 ad
893 4858 1120 4907 mortem
1154 4866 1327 4921 usque
1374 4849 1582 4918 lapsum
1636 4847 1722 4904 his
1784 4845 2049 4911 indicari;
2095 4856 2324 4913 quarum

772 4957 937 5000 causa
968 4957 1104 5014 opus
1141 4939 1241 4995 fuit
1270 4948 1329 4995 ut
1371 4938 1695 5010 Redemptor
1726 4948 1779 4995 et
1809 4936 2062 5009 Salvator.
2083 4934 2325 4990 omnium

773 5034 840 5088 ad
870 5042 1101 5112 mortem
1128 5026 1301 5101 usque
1347 5029 1718 5085 descenderet.
1744 5024 2033 5095 Quo’cum
2075 5025 2225 5081 solus
2260 5039 2326 5079 ex

773 5127 1027 5183 omnibus
1053 5125 1291 5182 venisset
1319 5123 1573 5179 Christus
1607 5122 1720 5187 Dei,
1751 5132 1936 5193 portas
1977 5120 2120 5186 illas,
2148 5134 2267 5188 qua:
2295 5132 2326 5171 a

774 5208 971 5271 stmulo
1016 5216 1159 5271 ferro
1225 5213 1457 5269 occlusae
1497 5220 1689 5280 erant,
1729 5223 1782 5269 et
1835 5211 1968 5267 nulli
2017 5209 2324 5265 mortalium

775 5309 972 5375 aperta;
1007 5304 1241 5369 fuerant,
1260 5312 1421 5375 atque
1452 5302 1574 5357 ideo
1597 5317 1662 5357 ex
1683 5316 1789 5356 εει-ε
1813 5298 2058 5355 conflatm
2089 5297 2322 5359 fuerant,

722 5438 727 5442 .
774 5394 1067 5473 contrivit,
1101 5404 1155 5451 et
1195 5410 1299 5450 una
1342 5408 1529 5450 earum
1576 5400 1793 5460 vectes,
1833 5402 1989 5447 antea
2028 5389 2322 5452 infractos,

774 5486 1059 5558 confregit.

840 5678 969 5734 Vers
990 5674 1164 5737 18-25.
1188 5680 1401 5737 Omnem
1415 5700 1585 5738 escam
1604 5682 1903 5738 abominata
1914 5692 1989 5737 est
2012 5682 2190 5735 anima
2211 5696 2326 5734 ear-

777 5782 887 5835 um,
905 5782 953 5826 et
976 5776 1511 5845 appropinquaverunt
1548 5794 1707 5846 usque
1736 5776 1810 5829 ad
1828 5786 2006 5846 portas
2025 5772 2325 5829 mortis.0b

780 5862 977 5915 malum
996 5862 1570 5929 affectum‘eorn-m.qui
1589 5868 1958 5925 rationabilem
1975 5875 2027 5925 et
2042 5866 2341 5924 animabus—

2422 4680 2490 4746 ἐξ
2523 4680 2664 4736 ὀδοῦ
2692 4682 2940 4752 ἀνομίας
2962 4683 3191 4738 αὐτῶν⁹
3219 4684 3315 4739 διὰ
3334 4685 3444 4754 γὰρ
3472 4686 3577 4751 τὰς
3600 4687 3849 4756 ἀνομίας
3878 4693 3979 4746 αὐ-

2424 4774 3064 4845 τῶνέταπεινώθησαν,
3100 4764 3211 4830 Καὶ
3242 4776 3335 4831 νῦν
3374 4776 3436 4835 τὸ
3466 4778 3596 4831 αὐτὸ
3642 4777 3856 4848 λέγεται
3888 4784 3979 4837 ἐπὶ

2422 4870 2542 4931 ταῖς
2580 4862 2862 4940 δευτέραις
2892 4867 3234 4940 εὐεργεσίαις
3278 4867 3463 4921 αὑτοῦ.
3515 4870 3780 4942 Ἠγοῦμαι
3811 4874 3867 4927 δὲ
3894 4874 3980 4929 διὰ

2423 4958 2754 5046 τούτωγνκτην
2770 4960 2947 5032 μέχρι
2987 4961 3215 5015 θανάτου
3258 4960 3609 5016 ηκατάπτωσιν
3634 4961 3744 5017 τῶν
3774 4964 3979 5037 ἀνθρω-

2425 5048 2593 5101 πίνων
2641 5048 2824 5120 ψυχῶν
2866 5050 3185 5122 δηλοῦσθαι⁹
3220 5051 3286 5104 δι’
3315 5050 3382 5114 ἃς
3418 5053 3509 5105 καὶ
3559 5053 3719 5126 μέχρι
3753 5054 3979 5110 θανάτου

2425 5140 2613 5210 ἐδέησε
2655 5141 2732 5212 τῷ
2761 5141 3005 5213 λυτρωτῇ
3052 5142 3277 5196 πάντων¹
3300 5144 3395 5196 καὶ
3439 5145 3649 5217 Σωτῆρι
3678 5146 3976 5202 κατελθεῖν.

2430 5230 2599 5284 Ἔνθα
2619 5232 2904 5303 γενόμενος
2929 5232 3087 5317 μόνος
3128 5232 3236 5285 τῶν
3286 5231 3501 5288 πώποτε
3547 5237 3575 5288 ό
3607 5236 3848 5306 ,Χριστὸς
3886 5239 3977 5292 τοῦ

2425 5318 2578 5383 Θεοῦ,
2614 5319 2711 5383 τὰς
2765 5320 2823 5385 ἐξ
2866 5320 3058 5383 αἰῶνος
3106 5319 3472 5393 σιδηροδέτους
3529 5322 3718 5386 πύλας,
3763 5323 3976 5387 καὶτὰς

2427 5411 2614 5481 μηδενὶ
2638 5410 2813 5482 θνητῷ
2837 5410 3195 5481 ἀνοιχθείσας,
3239 5412 3442 5465 καὶδιά
3471 5411 3628 5466 τοῦτο
3661 5412 3862 5482 χαλκᾶς
3889 5432 3975 5483 γε-

2424 5503 2651 5573 νομένας
2674 5541 2688 5566 ,
2743 5502 3062 5575 συνέτριψεν,
3121 5489 3214 5556 καὶ
3254 5504 3379 5568 τοὺς
3422 5503 3623 5585 τούτων
3667 5496 3975 5581 ’ἀρρήκτους

2428 5594 2656 5665 μοχλοὺς
2692 5594 3036 5648 συνέκλασεν.

2494 5683 2623 5740 Πᾶν
2655 5685 2865 5756 ,βρῶμα
2906 5684 3261 5751 ἐϐδελύξατο
3307 5688 3346 5757 ἡ
3384 5687 3555 5757 ⁸ιίι-υχὴ
3602 5682 3819 5754 αὐτῶν,
3879 5688 3973 5742 καί

2425 5777 2683 5847 ἤγγισαν
2720 5777 2829 5845 ἕως
2865 5778 2981 5832 τῶν
3022 5779 3231 5835 πυλῶν
3280 5781 3401 5835 τοῦ,
3434 5780 3710 5836 θανάτου.
3747 5781 3843 5834 Διά
3882 5797 3970 5833 κα-

2428 5868 2641 5939 κοεξίαν
2690 5869 2796 5925 τῶν
2855 5871 3340 5939 ἀποστρεφομένων
3389 5874 3564 5927 πᾶσαν
3614 5871 3832 5933 λογικὴν
3884 5869 3971 5922 καὶ
