4318 6392
314 458 452 525 leas

1396 467 1530 522 ι’]οΜ
1540 470 1675 523 ΜΕΝ
1686 466 1889 521 TARIA
1928 465 1993 520 IN
2034 466 2364 521 PSALMOS.

3376 461 3509 521 15°26

310 578 496 649 ψυχῶν
526 579 790 649 σωτήριον
835 578 1055 650 τροφὴν,
1084 577 1320 640 εἰκότως
1353 578 1675 642 ἀποσταλεὶς
1703 582 1731 632 ὁ
1767 579 1858 631 τοῦ
1891 588 1935 640 Α
1963 594 2015 635 sa

1806 579 1858 631 οὗ
1891 588 1935 640 Α
1963 579 2254 635 salutarem
2276 593 2456 634 escam
2490 579 2896 643 aversabantur,
2939 578 3131 633 merito
3159 579 3359 655 missus
3391 582 3511 635 uni.

310 668 445 724 Θεοῦ
472 670 762 740 μονογενὴς
791 670 918 733 Υἱὸς
947 670 1104 741 μέχρι
1135 668 1242 721 τῶν
1284 669 1377 721 τοῦ
1417 670 1643 723 θανάτου
1686 672 1864 723 πυλῶν

313 761 535 831 ἔφθασε,
566 761 866 833 σαρκωθεὶς
894 762 987 814 καὶ
1014 760 1453 833 ὲνανθρωπήσας,
1502 765 1657 833 χεῖρα
1700 780 1865 833 σωτη-

314 852 435 923 ρίας
456 850 648 923 ὀρέξας
681 851 774 905 καὶ
805 854 915 915 τοῖς
936 850 1113 922 ,μέχρι
1156 849 1341 904 τούτου
1389 854 1861 917 καταπεπτωκόσι,

311 946 407 999 καὶ
442 943 579 1014 πρὸς
618 942 777 997 αὑτὸν
810 942 1159 1012 ἀναδοήσασι,
1211 942 1320 994 Kal
1362 941 1689 1009 ἐκέκραξαν
1717 943 1866 1010 πρὸς

310 1036 528 1106 Κύριον
549 1038 618 1090 ἐν
638 1035 717 1101 τῷ
742 1036 1046 1089 θλίϐεσθαι
1068 1032 1306 1099 αὐτοὺς,
1345 1034 1439 1087 καὶ
1464 1034 1531 1085 ἐκ
1560 1034 1677 1086 τῶν
1698 1036 1867 1103 ἀνατ-

310 1126 432 1180 κῶν
458 1124 655 1180 αὐτῶν
677 1125 910 1179 ἔσωσεν
935 1126 1173 1191 αὐτούς.
1214 1122 1539 1177 Ἀπέστειλε
1562 1124 1667 1177 τὸν
1685 1126 1867 1195 λόγον

310 1218 515 1282 αὐτοῦ,
543 1217 639 1271 καὶ
674 1216 881 1271 ίάσατο
904 1215 1153 1281 αὐτοὺς,
1203 1215 1299 1267 καὶ
1325 1216 1613 1283 ἐρρύσατο
1648 1216 1868 1281 αὐτοὺς

310 1314 379 1367 ὲκ
402 1312 522 1366 τῶν
556 1310 887 1381 διαφθορῶν
904 1309 1119 1366 αὐτῶν.
1178 1308 1867 1378 Ἐξομολογησάσθωσαν

311 1403 390 1469 τῷ
416 1404 605 1471 Κυρίῳ
634 1402 705 1457 τὰ
733 1403 872 1470 tuen
897 1403 1102 1466 αὑτοῦ,
1136 1402 1335 1463 καὶ,τά
1360 1401 1657 1469 θαυμάσια
1684 1398 1867 1453 αὑτοῦ

310 1494 435 1561 τοῖς
460 1493 609 1560 υἱοῖς
646 1494 763 1547 τῶν
798 1494 1140 1562 ἀνθρώπων.
1184 1494 1292 1548 Kal
1324 1493 1681 1549 θυσάτωσαν
1707 1491 1867 1556 αὐτῷ

312 1584 533 1638 θυσίαν
565 1583 883 1649 αἰνέσεως,
932 1585 1027 1638 καὶ
1063 1584 1577 1654 ἐξατγειλάτωσαν
1613 1584 1686 1638 τὰ
1729 1582 1869 1650 ἔργα

310 1666 496 1728 αὐτοῦ
524 1674 595 1727 ὲν
621 1674 995 1743 ἀγαλλιάσει,
1044 1678 1098 1730 oi
1143 1676 1597 1741 καταϐαίνοντες
1640 1677 1726 1741 είς
1771 1673 1877 1727 θάι

310 1771 556 1821 λασσαν
581 1767 650 1820 ἐν
672 1767 933 1833 πλοίοις,
960 1767 1272 1833 ποιοῦντες
1302 1767 1666 1837 ἐργασίανέν
1690 1764 1868 1819 ὕδασι

1966 673 2176 741 genitus
2200 670 2292 725 Dei
2317 670 2505 735 Filius,
2526 686 2689 726 carne
2705 679 2758 726 et
2775 673 3003 726 humana
3024 678 3215 725 natura
3242 680 3509 743 suscepta,

1965 757 2031 811 ad
2060 766 2246 827 portas
2287 774 2456 828 usque
2477 760 2666 813 mortis
2700 758 2993 827 prolectus,
3027 760 3112 822 iis,
3157 758 3247 829 qui
3275 774 3515 830 eousque

1965 848 2275 902 deciderant
2293 858 2345 903 et
2370 850 2434 902 ad
2465 850 2637 919 ipsum
2662 852 3045 915 clamaverant,
3074 851 3264 906 salutis
3292 865 3517 905 manum

1965 942 2222 1009 porrexit.
2259 941 2323 993 Et
2365 942 2716 995 clamaverunt
2763 943 2829 995 ad
2868 943 3145 997 Dominum
3183 961 3298 997 cum
3351 934 3516 998 tribu-

1968 1030 2236 1095 larentur,
2272 1041 2319 1085 et
2363 1032 2425 1085 de
2465 1033 2853 1087 necessitatibus
2898 1050 3074 1088 eorum
3125 1034 3355 1089 liberavit
3403 1052 3512 1091 eos.

1966 1122 2116 1176 Misit
2158 1122 2375 1176 Verbum
2410 1140 2561 1177 suum
2594 1134 2642 1177 et
2670 1126 2876 1179 sanavit
2905 1142 3012 1189 eos,
3042 1135 3092 1179 et
3125 1126 3307 1194 eripuit
3339 1143 3423 1181 eos
3452 1126 3516 1181 de

1966 1210 2351 1269 interitionibus
2390 1232 2588 1271 eorunt.
2637 1214 3001 1283 Conﬁteantur
3043 1216 3264 1271 Domino
3311 1218 3517 1272 miseri-

1966 1304 2160 1359 cordia:
2181 1307 2317 1373 ejus,
2337 1315 2396 1363 .et
2430 1307 2695 1360 mirabilia
2716 1308 2827 1377 ejus
2852 1309 2977 1377 ﬁliis
3016 1308 3299 1365 hominum.
3336 1307 3403 1362 Et
3426 1327 3517 1363 sa-

1968 1398 2201 1469 criﬁcent
2234 1399 2281 1451 ei
2324 1399 2643 1467 sacri/icium
2674 1400 2870 1465 laudis,
2916 1410 2965 1454 et
3012 1403 3317 1455 annuntient
3360 1417 3516 1471 opera

1966 1487 2079 1556 ejus
2114 1489 2169 1541 in
2192 1489 2561 1552 exsultatione,
2581 1490 2668 1559 qui
2696 1488 3009 1543 descendunt
3034 1506 3176 1554 mare
3198 1492 3251 1543 in
3279 1492 3513 1557 navibus,

1969 1578 2220 1645 facientes
2259 1580 2607 1647 operationem
2633 1580 2685 1633 in
2720 1582 2869 1650 aquis
2892 1581 3091 1635 multis.
3125 1580 3258 1635 Cum
3290 1580 3519 1637 Redem-

1968 1668 2141 1737 ptoris
2172 1675 2226 1722 et
2256 1667 2561 1723 Servatoris
2583 1668 2870 1723 adventum
2899 1680 3393 1734 commemorasset,
3424 1687 3517 1742 per

1970 1774 2129 1828 quem
2157 1759 2412 1829 praedicta
2443 1761 2621 1814 omnia
2654 1760 2796 1815 edita
2818 1760 3031 1816 fuerant
3062 1782 3075 1816 :
3109 1761 3303 1818 deinde
3331 1764 3519 1833 adjicit

312 1856 583 1924 πολλοῖς.
637 1855 1029 1927 Μνημονεύσας
1066 1860 1094 1910 ὁ
1145 1858 1299 1925 λόγος
1346 1854 1724 1926 τῆςνὼρίξεως
1775 1855 1867 1909 τοῦ
1906 1914 1940 1927 ἢ
1972 1851 2017 1905 dt

1813 1855 1867 1909 οὖ
1906 1914 1940 1927 ἢ
1972 1851 2039 1905 de
2070 1851 2331 1920 apostolis
2386 1851 2556 1921 ipsius
2593 1852 2927 1907 vaticinium.
2962 1854 3067 1925 lpsi
3090 1870 3321 1925 namque
3362 1866 3518 1909 erant

310 1944 597 2016 Λυτρωτοῦ
655 1946 748 1998 καὶ
802 1945 1082 2015 Σωτῆρος,
1139 1946 1207 1999 δι’
1259 1938 1320 1998 οὗ
1374 1946 1443 1999 τὰ
1496 1945 1866 2016 προλεγόμενα

1972 1944 2063 2012 qui
2094 1942 2495 1999 descendebant
2529 1958 2677 1998 mare
2705 1945 2760 1997 in
2785 1945 3033 2010 navibus,
3058 1947 3217 2017 idque
3232 1962 3355 2003 vere
3372 1956 3425 2004 et
3449 1951 3517 2003 ait

314 2035 489 2089 πάντα
526 2033 899 2106 κατώρθωται,
955 2037 1080 2108 ἑξῆς
1132 2037 1389 2090 συνάπτει
1444 2036 1541 2107 τὴν
1586 2038 1713 2108 περὶ
1761 2036 1866 2090 τῶν
1972 2035 2019 2088 lil

1810 2036 1866 2090 ὒν
1972 2035 2229 2098 litteram,
2255 2036 2701 2103 quemadmodum
2731 2035 2911 2090 divina
2936 2036 3346 2108 Evangeliorum
3366 2037 3515 2094 Scri-

262 2136 272 2147 '
312 2124 621 2179 ἀποστόλων
671 2125 833 2179 αὐτοῦ
876 2127 1229 2196 προφητείαν.
1293 2127 1455 2179 Αὐτοὶ
1494 2127 1601 2198 γὰρ
1643 2124 1782 2198 ἦσαν
1815 2129 1864 2180 οἱ

1815 2129 1864 2180 οἱ
1970 2136 2126 2198 ptura
2155 2128 2499 2184 testiﬁcatur.
2542 2130 2923 2200 Apostolorum
2952 2133 3130 2204 itaque
3166 2134 3515 2206 ipsorumque

311 2217 721 2281 κατασαίνοντες
754 2220 831 2281 είς
859 2218 1131 2272 Θάλασσαν
1178 2222 1235 2271 ὲν
1282 2219 1506 2283 πλοίοις,
1550 2219 1730 2289 ῥητῶς
1774 2221 1865 2273 καὶ
1969 2231 2016 2272 Ct

1811 2221 1865 2273 at
1969 2218 2226 2272 comitum
2270 2220 2597 2275 mentionem
2655 2221 2942 2278 admodum
3003 2236 3364 2297 congruenter
3402 2228 3516 2284 haec

310 2309 451 2363 κατὰ
482 2309 625 2374 λέξιν
645 2327 657 2339 ·
695 2310 883 2382 ὥσπερ
910 2301 1002 2364 οὖν
1032 2313 1064 2381 ἡ
1116 2310 1234 2363 Θεία
1260 2311 1450 2383 Γραφὴ
1488 2311 1594 2364 τῶν
1620 2311 1864 2377 Εὑαγγε-
1968 2306 2015 2362 Si

1811 2326 1864 2361 ε-
1968 2306 2247 2379 Scriptura
2277 2309 2372 2367 Dei
2394 2310 2555 2367 Verbi
2578 2313 2646 2368 ad
2666 2314 2911 2371 homines
2932 2317 3182 2373 adventui
3216 2319 3512 2390 subiunxit.

311 2400 440 2453 λίων
476 2403 757 2472 μαρτυρεῖ.
800 2400 1101 2471 Τοιγαροῦν
1133 2400 1239 2454 τῶν
1281 2401 1591 2454 ἀποστόλων
1636 2398 1861 2452 καὶτῶν
1965 2401 2016 2454 A‘

1812 2398 1861 2452 ὃν
1965 2401 2035 2455 At
2074 2402 2216 2456 enim
2252 2404 2359 2459 illis
2393 2404 2525 2476 ipsis
2566 2422 2703 2461 nova
2738 2407 2871 2463 Novi
2912 2407 3242 2465 Testamenti
3266 2414 3517 2483 mysteria

310 2493 427 2563 ἅμα
447 2493 627 2556 αὐτοῖς
654 2494 688 2564 ἠ
716 2491 962 2563 παροῦσα
987 2492 1287 2562 προφητεία
1303 2492 1401 2559 τὴν
1425 2492 1640 2561 μνήμην
1662 2490 1863 2561 σφόδρα
1966 2509 2015 2563 βε

1811 2507 1863 2542 >α
1966 2509 2225 2566 peragere
2254 2499 2507 2567 praecepit
2532 2498 2721 2553 dicens
2748 2519 2760 2553 :
2789 2500 2857 2553 Et
2879 2502 3173 2571 sacriﬁcent
3198 2505 3516 2573 sacriﬁcium

310 2584 615 2649 ἀκολούθως
648 2584 850 2655 συνῆψε
889 2587 952 2653 τῇ
985 2584 1089 2649 ζτοῦ
1134 2582 1267 2635 Θεοῦ
1317 2582 1487 2650 Λόγου
1527 2584 1607 2646 εἰς
1652 2580 1861 2653 ἀνθρώ·
1969 2586 2015 2639 ta

1669 2580 1861 2653 lveptb-
1969 2586 2230 2654 laudis,et
2254 2590 2560 2643 annuntient
2588 2606 2745 2658 opera
2775 2592 2891 2659 ejus
2919 2593 2973 2645 in
3005 2594 3374 2649 exsultatione.

308 2675 443 2736 πους
475 2674 763 2745 παρουσίᾳ.
815 2674 1005 2737 Αὐτοϊς
1057 2674 1343 2746 τοιγαροῦν
1381 2675 1588 2737 τούτοις
1619 2675 1713 2727 καὶ
1743 2672 1813 2726 τὰ
1839 2674 1932 2728 νέα
1987 2681 2254 2751 μυστήρια
2309 2681 2406 2749 τῆς
2435 2681 2634 2751 Καινῆς
2676 2680 2946 2751 Διαθήκης
2984 2682 3239 2752 πράττειν
3287 2699 3519 2753 παρεκε-

309 2755 512 2831 λεύετο,
549 2766 745 2837 λέγων’
792 2767 901 2821 Kal
957 2767 1317 2822 θυσάτωσαν
1337 2768 1556 2823 θυσίαν
1574 2766 1874 2831 αινέσεως,
1902 2769 2000 2823 καὶ
2043 2772 2551 2847 ὲξαγγειλάτωσαν
2582 2775 2652 2829 τὰ
2684 2775 2824 2842 ἔργα
2878 2774 3059 2828 αὐτοῦ
3109 2774 3179 2827 ἐν
3228 2774 3512 2829 omnia-
3554 2764 3561 2775 ’

308 2873 426 2914 σει.
1810 2884 1813 2887 ’

373 2958 543 3037 Elite,
575 2972 671 3027 real
696 2972 844 3042 ἔστη
871 2974 1105 3045 πνεῦμα
1130 2972 1485 3044 καταιγίϐος,
1521 2972 1618 3026 καὶ
1655 2971 1861 3041 ὑψώθη
2042 2973 2078 3027 ν

1807 2976 1861 3040 λη
2042 2972 2208 3029 Vsus.
2267 2974 2453 3029 25-40.
2523 2980 2677 3031 Dixit
2731 2986 2780 3031 et
2818 2978 2959 3031 stetit
2998 2978 3210 3045 spiritus
3252 2982 3512 3046 procellw,

310 3063 383 3118 τὰ
416 3065 645 3133 κύματα
682 3064 891 3133 αὐτῆς.
936 3066 1379 3120 Ἀναϐαίνουσιν
1413 3065 1522 3131 ἕως
1554 3064 1671 3119 τῶν
1694 3067 1867 3134 οὐρα·
1968 3073 2015 3118 et

1811 3080 1867 3117 α-
1968 3073 2017 3118 et
2046 3064 2268 3119 exaltati
2316 3075 2438 3119 sunt
2487 3068 2676 3136 [luctus
2705 3069 2837 3137 ejus.
2893 3068 3189 3122 Ascendunt
3238 3085 3396 3141 usque
3449 3072 3516 3124 ad

308 3153 431 3243 νῶν
451 3156 550 3211 καὶ
570 3158 1031 3211 καταϐαίνουσιν
1041 3158 1151 3223 ἕως
1174 3155 1291 3210 τῶν
1310 3157 1611 3221 ἀϐύσσων,
1640 3156 1678 3225 ή
1694 3154 1863 3225 ψυχὴ
1890 3187 1932 3246 C
1969 3170 2013 3208 ει

1812 3154 1863 3225 εὴ
1890 3187 1932 3246 C
1969 3153 2211 3243 ceelos'et
2240 3154 2553 3211 descendunt
2581 3174 2740 3227 usque
2770 3158 2838 3211 ad
2868 3156 3103 3228 abyssos,
3138 3159 3313 3213 anima
3339 3176 3517 3214 eorum

310 3240 507 3303 αὐτῶν
544 3250 616 3304 ἐν
659 3248 861 3317 κακοῖς
892 3248 1156 3317 ἐτήκετο.
1210 3249 1673 3321 Ὲταράχοησαν,
1723 3250 1863 3304 ἐσα-

308 3340 617 3408 λεύθησαν
638 3342 717 3407 ὠς
742 3344 775 3395 ό
801 3343 1055 3411 μεθύων,
1082 3342 1178 3396 καὶ
1212 3340 1379 3398 πᾶσα
1406 3343 1442 3411 ή
1466 3341 1649 3409 σοφία
1670 3340 1865 3394 αὐτῶν

310 3434 627 3503 κατεπόθη.
680 3436 790 3490 Kal
839 3436 1171 3506 ἐκέκραξαν
1220 3437 1369 3505 πρὸς
1412 3438 1630 3505 Κύριον
1670 3437 1764 3498 ἐν..
1785 3436 1865 3501 τῷ

309 3524 614 3579 θλίϐεσθαι
630 3525 867 3592 αὐτοὺς,
886 3528 984 3580 καὶ
1006 3526 1074 3581 ἐκ
1096 3527 1213 3579 τῶν
1226 3517 1501 3597 ἀναγκῶν
1533 3526 1731 3581 αὐτῶν
1769 3527 1867 3591 ἐξ-

311 3613 535 3683 ήγαγεν
574 3617 811 3682 αὐτούς.
844 3616 955 3670 Kal
993 3616 1248 3681 ἐπάταξε
1300 3609 1373 3685 τῇ
1403 3617 1714 3687 καταιγίδι,
1767 3619 1864 3672 καὶ

308 3701 457 3770 ἔστη
489 3705 576 3769 είς
600 3704 811 3773 αὔραν,
848 3704 945 3757 καί
972 3702 1270 3775 ἐσίγησαν
1294 3707 1366 3759 τὰ
1399 3707 1629 3775 κύματα
1655 3702 1861 3775 αὐτῆς.

312 3793 497 3848 Ταῦτα
551 3788 902 3869 προφητικῶς
951 3797 1309 3870 θεσπιζόμενα
1346 3797 1644 3870 ἐπληροῦτο
1691 3798 1866 3869 ῥητῶς

312 3888 405 3941 καὶ
442 3888 577 3958 πρὸς
630 3888 771 3953 λέξιν
808 3906 821 3919 ·
872 3889 980 3944 τῶν
1025 3890 1131 3963 γὰρ
1185 3888 1437 3962 μαθητῶν
1478 3889 1570 3943 τοῦ
1619 3885 1866 3961 Σωτῆρος

308 3979 465 4050 ήμῶν
510 3976 850 4052 ἐμπλεόντων
886 3984 980 4036 σὺν
1016 3980 1180 4051 αὐτῷ,
1221 3980 1487 4049 σεισμός,
1522 3981 1703 4051 φησὶν,
1744 3980 1869 4049 ἐγέ-

306 4087 442 4125 νετο
470 4071 657 4141 μέγας
679 4072 749 4125 ἐν
773 4068 848 4140 τῇ
868 4072 1170 4139 θαλάσσῃ,
1214 4070 1369 4125 ὥστε
1404 4070 1466 4123 τὸ
1502 4070 1715 4124 πλοῖον
1761 4086 1865 4122 κα-

302 4162 638 4216 λύπτεσθαι
662 4164 777 4217 ὑπὸ
813 4159 931 4215 τῶν
955 4156 1251 4231 κυμάτων.
1289 4163 1349 4215 Οἱ
1378 4159 1434 4214 δὲ
1469 4159 1864 4233 προσπεσόντες

305 4247 455 4306 εἷπον
485 4250 631 4321 αὐτῷ
650 4268 663 4282 ο
698 4253 894 4320 Κύριε,
930 4249 1140 4305 σῶσον
1157 4250 1332 4321 ἡμᾶς,
1374 4248 1776 4321 ἀπολλύμεθα.
1805 4251 1864 4304 Ὀ

304 4336 361 4395 δὲ
391 4330 527 4414 πρὸς
558 4342 752 4406 αὐτοὺς
811 4344 1024 4413 φήσας’
1082 4343 1142 4398 Τί
1176 4342 1363 4397 δειλοί
1408 4345 1565 4410 ἐστε,
1611 4345 1866 4412 ὀλιγόπι-

303 4449 470 4498 στοι;
518 4434 840 4503 ἐπετίμησε
883 4432 1006 4500 τοῖς
1030 4432 1267 4503 ἀνέμοις
1300 4434 1393 4489 καί
1443 4433 1520 4504 τῇ
1557 4434 1861 4504 θαλάσσῃ,

1965 3248 2019 3301 in
2046 3246 2200 3301 malis
2230 3246 2541 3305 tabescebat.
2571 3248 2791 3309 Turbati
2814 3260 2957 3317 sunt,
2980 3252 3224 3307 commoti
3241 3260 3362 3305 sunt
3384 3252 3519 3307 sicut

1962 3338 2157 3405 ebrius,
2186 3336 2243 3393 et
2266 3342 2433 3395 omnis
2483 3342 2743 3410 sapientia
2790 3357 2968 3397 eorum
3008 3342 3255 3396 devorata
3298 3356 3395 3398 est.
3453 3342 3519 3396 Et

1964 3432 2319 3485 clamauerunt
2366 3432 2435 3485 ad
2474 3432 2753 3487 Dominum
2786 3450 2903 3487 cum
2942 3432 3342 3501 tribularentur,
3371 3444 3423 3489 et
3456 3435 3519 3488 de

1964 3523 2358 3578 necessitatibus
2400 3540 2578 3578 eorum
2629 3523 2815 3579 eduxit
2860 3541 2963 3579 eos.
3002 3522 3070 3577 Et
3114 3524 3519 3595 p'ercussit'pro-

1965 3614 2173 3678 cellam,
2198 3627 2247 3669 et
2278 3616 2422 3670 stetit
2452 3617 2506 3670 in
2534 3632 2741 3681 auram,
2771 3625 2820 3670 et
2857 3617 3115 3670 siluerunt
3156 3615 3346 3684 ﬂuctus
3379 3616 3513 3685 ejus.

1968 3704 2095 3761 Haec
2128 3707 2441 3776 prophetice
2483 3707 2837 3776 praenuntiata
2866 3707 3045 3777 reipsa
3099 3712 3152 3760 et
3185 3704 3253 3761 ad
3281 3706 3516 3761 litteram

1967 3798 2183 3867 impleta
2208 3805 2351 3853 sunt.
2386 3783 2516 3851 Nam
2558 3808 2679 3851 cum
2717 3796 2967 3869 discipuli
3018 3796 3313 3854 Salvatoris
3345 3800 3513 3852 nostri

1966 3903 2088 3942 cum
2119 3889 2239 3958 ipso
2268 3889 2606 3958 navigarent,
2640 3898 2833 3953 motus,
2862 3888 3057 3959 inquit,
3098 3906 3315 3959 magnus
3342 3890 3515 3960 factus

1964 3985 2041 4031 est
2060 3978 2116 4031 in
2138 3979 2292 4046 mari,
2313 3980 2398 4034 ita.
2419 3990 2477 4032 ut
2497 3978 2737 4033 navicula
2764 3981 3048 4048 operiretur
3065 3979 3312 4050 ﬂuctibus
3332 3982 3397 4039 ⁷⁸.
3438 3980 3517 4035 ΙΙΙί

1964 4083 2091 4123 vero
2121 4068 2537 4138 procumbentes
2564 4069 2813 4124 dicebant
2835 4070 2885 4125 ei
2924 4085 2941 4124 :
2973 4070 3212 4135 Domine,
3236 4071 3381 4147 salva
3398 4088 3513 4131 nos.

1963 4160 2213 4227 perimus.
2247 4160 2338 4215 llle
2362 4175 2492 4216 vero
2522 4176 2644 4215 cum
2678 4159 2907 4217 dixisset
2948 4179 2961 4215 :
3004 4162 3142 4228 Quid
3173 4163 3342 4216 timidi
3363 4163 3513 4223 estis,

1966 4252 2184 4307 modica:
2218 4251 2681 4327 ﬁdeiiincrepavit
2714 4262 2888 4313 uentos
2916 4262 2965 4308 et
2986 4258 3149 4317 mare,
3183 4262 3231 4306 et
3264 4253 3406 4321 facta
3436 4264 3513 4307 est

1968 4328 2325 4411 tranquillitas
2346 4358 2545 4413 magna
2562 4334 2627 4401 7'.
2653 4342 2719 4395 Et
2741 4342 2979 4397 (celentur
3009 4344 3132 4412 quia
3159 4341 3434 4402 siluerunt,
3465 4353 3516 4396 et

1966 4434 2182 4489 deduxit
2212 4450 2298 4487 eos
2330 4434 2384 4487 in
2407 4426 2613 4503 portum
2656 4434 2935 4489 uoluntatis
2980 4446 3109 4489 suat.
3152 4433 3515 4503 Conﬁteantur

304 4526 401 4581 καὶ
429 4526 662 4596 ἐγένετο
680 4525 913 4595 γαλήνη
934 4525 1184 4595 μεγάλη.
1212 4524 1320 4580 Kal
1336 4526 1857 4596 εὐφρανθήτωσαν,
1892 4537 1935 4592 D
1969 4528 2009 4581 ι)

1805 4544 1857 4593 ν,
1892 4537 1935 4592 D
1969 4528 2189 4581 Domino
2235 4527 2611 4583 misericordia:
2654 4528 2802 4597 ejus,
2845 4537 2894 4582 et
2931 4528 3199 4582 mirabilia
3229 4529 3340 4597 ejus
3381 4530 3510 4597 ﬁliis

302 4618 391 4693 ὅτι
428 4619 771 4687 ἡσύχασαν,
812 4614 911 4672 καὶ
944 4616 1257 4686 ὡδήγησεν
1295 4616 1515 4683 αὐτοὺς
1540 4620 1627 4686 είς
1647 4619 1861 4690 λιμένα

301 4708 631 4777 θελήματος
655 4710 859 4765 αὐτοῦ.
908 4706 1593 4781 Ἐξομολογησάσθωσαν
1620 4710 1701 4776 τῷ
1745 4711 1858 4765 Κυ-

298 4798 406 4863 ρίῳ
428 4798 500 4851 τὰ
526 4793 669 4867 ἐλέη
690 4800 898 4863 αὐτοῦ,
932 4801 1029 4854 καὶ
1067 4801 1139 4854 τὰ
1177 4798 1475 4869 θαυμάσια
1519 4802 1703 4857 αὐτοῦ
1735 4802 1857 4868 τοῖς

300 4888 450 4954 υίοῖς
497 4887 615 4942 τῶν
658 4882 996 4970 ἀνθρώπων.
1062 4888 1503 4961 ’Υψωσάτωσαν
1556 4895 1740 4948 αὑτὸν
1787 4898 1856 4950 ἐν

300 4983 598 5050 ἐκκλησία
632 4982 804 5059 λαοῦ,
855 4984 952 5038 καὶ
1023 4980 1092 5037 ἐν
1137 4976 1389 5051 καθέδρᾳ
1432 4984 1855 5054 Ιπρεσϐυτέρων

247 5104 255 5109 -
300 5073 712 5127 αινεσάτωσαν
730 5074 931 5127 αὐτόν.
975 5075 1357 5148 Ὀδηγηθέντες
1377 5076 1468 5129 ἐπὶ
1489 5076 1680 5147 λιμένα
1708 5077 1857 5149 θελήο

304 5180 472 5236 ματος
496 5165 659 5219 αὑτοῦ
681 5184 692 5195 ο
728 5168 811 5235 ἐφ’
839 5162 919 5230 οἷς
944 5168 971 5219 ὁ
996 5168 1153 5238 λόγος
1196 5169 1503 5237 ἀναγκαίως
1533 5170 1855 5240 προστάττει

298 5255 553 5327 τέταρτον
581 5256 721 5311 οὕτω
755 5256 816 5309 τὸ
846 5256 1277 5328 ἐξομολογεῖσθαι
1302 5259 1379 5332 τῷ
1411 5261 1620 5332 Κυρίῳ,
1652 5263 1744 5314 καὶ
1786 5262 1855 5316 τά

301 5344 424 5415 ὲλέη
456 5344 617 5398 αὑτοῦ
656 5346 745 5400 διὰ
770 5346 1032 5417 στόματος
1058 5349 1243 5420 φέρειν
1267 5366 1280 5380 ·
1315 5352 1595 5423 παρεγγυᾷ
1634 5352 1765 5405 πᾶσί
1793 5370 1852 5406 τε

300 5440 408 5502 τοῖς
435 5436 570 5500 υἱοῖς
596 5438 704 5492 τῶν
742 5438 1040 5509 ἀνθρώπων
1082 5441 1441 5511 ἀπαγγέλλειν
1468 5442 1538 5497 τὰ
1577 5442 1853 5515 Θαυμάσιά

299 5526 484 5583 αὑτοῦ.
515 5530 715 5585 Ἔθετο
753 5531 1051 5601 ποταμοὺς
1086 5534 1171 5598 εὶς
1219 5533 1539 5605 ἐρήμωσιν,
1585 5536 1682 5590 καί
1720 5534 1851 5601 ἐξό-

299 5619 445 5688 ϐους
498 5619 729 5681 ὑδάτων
776 5626 862 5691 είς
905 5616 1121 5691 δίψαν,
1180 5623 1296 5695 γῆν
1340 5629 1717 5697 καρποφόρον
1762 5633 1848 5696 εἰς

300 5712 496 5784 ἅλμην
523 5712 641 5767 ἀπὸ
684 5717 893 5782 κακίας
937 5714 1053 5769 τῶν
1094 5719 1531 5773 κατοικούντων
1558 5720 1628 5774 ἐν
1668 5719 1843 5783 αὐτῇ.

368 5868 412 5903 ’⁸
452 5871 637 5928 Μειιιι.
674 5889 800 5936 VIII.
834 5870 923 5928 24.
997 5872 1039 5905 ⁷⁷
1080 5870 1209 5928 ibid.
1248 5873 1350 5939 25,
1380 5874 1453 5929 913

1963 4619 2247 4675 hominum.
2300 4617 2549 4673 Exaltent
2601 4635 2719 4673 eum
2763 4621 2821 4673 in
2865 4619 3083 4674 ecclesia
3126 4620 3322 4691 plebis,
3358 4630 3407 4674 et
3456 4622 3509 4673 in

1960 4708 2210 4764 cathedra
2259 4710 2520 4763 seniorum
2560 4708 2772 4768 laudent
2821 4724 2958 4763 eum.
3010 4709 3237 4765 Deducti
3277 4718 3408 4765 sunt
3454 4712 3509 4765 in

1959 4810 2176 4873 portum
2209 4801 2498 4854 voluntatis
2526 4800 2683 4869 ejus:
2718 4816 2823 4872 qua
2867 4801 2934 4857 de
2980 4817 3147 4857 causa
3200 4802 3285 4857 hic
3315 4812 3510 4872 quarto

1954 4894 2212 4965 jubentur
2239 4891 2466 4947 Domino
2498 4894 2744 4948 conﬁteri
2788 4902 2843 4949 et
2877 4894 3281 4950 misericordias
3310 4895 3428 4965 ejus
3456 4898 3509 4951 in

1956 5004 2049 5044 ore
2101 4987 2262 5043 ferre.
2310 4986 2561 5057 Praecipit
2602 4989 2730 5042 item
2770 4988 3022 5043 omnibus
3082 4988 3392 5042 hominibus
3447 4997 3506 5044 ut

1955 5076 2278 5132 annuntient
2312 5076 2582 5131 mirabilia
2610 5077 2748 5147 ejus.
2780 5074 2965 5131 Posuit
2989 5077 3209 5146 ﬁumina
3239 5077 3292 5130 in
3330 5077 3507 5133 deser-

1955 5180 2083 5229 tum.
2111 5179 2158 5223 et
2181 5170 2348 5223 exitus
2373 5185 2629 5239 aquarum
2652 5172 2707 5224 in
2750 5170 2914 5231 sitim,
2948 5178 3142 5223 terram
3178 5168 3507 5238 fructiferam

1952 5265 2007 5316 in
2035 5262 2347 5332 salsuginem
2380 5279 2412 5315 a
2442 5262 2650 5317 malitia
2679 5262 3087 5315 inhabitantium
3114 5261 3164 5313 in
3208 5278 3290 5316 ea.
3317 5260 3503 5315 Posuit

1950 5354 2209 5410 desertum
2233 5356 2285 5408 in
2316 5364 2503 5426 stagna
2528 5370 2801 5425 aquarum,
2830 5363 2878 5407 et
2917 5362 3113 5406 terram
3139 5355 3249 5407 sine
3279 5368 3415 5421 aqua
3448 5354 3502 5405 in

1956 5447 2128 5521 exitus
2173 5458 2451 5513 aquarum.
2492 5445 2559 5501 Et
2606 5445 2843 5498 habitare
2886 5443 3005 5512 fecit
3044 5444 3155 5496 illic
3199 5444 3501 5505 esurientes,

1955 5547 2004 5592 et
2042 5540 2418 5594 constituerunt
2446 5539 2681 5593 ciuitates
2722 5536 3086 5591 habitationis.
3111 5533 3177 5588 Et
3220 5530 3506 5588 seminave-

1954 5640 2076 5684 runt
2110 5647 2262 5701 agros
2292 5640 2341 5685 et
2370 5631 2737 5699 plantauerunt
2781 5630 2977 5692 vineas,
3018 5637 3068 5682 et
3108 5626 3338 5695 fecerunt
3394 5624 3507 5687 fru-

1951 5733 2090 5778 ctum
2136 5723 2516 5793 productionis.
2550 5721 2616 5778 Et
2662 5720 2921 5778 benedixit
2958 5722 3033 5775 eis
3077 5728 3125 5773 et
3168 5714 3510 5788 multiplicati
