4318 6406
774 491 904 547 1527

1420 493 1679 550 EUSEBII
1717 493 2187 551 CESARIENSIS
2224 493 2372 550 OPP.
2414 494 2591 549 PARS
2623 495 2711 551 III.
2750 508 2815 535 -'—
2848 491 3254 548 EXEGETICA.

3804 484 3938 545 1328

770 615 889 661 sunt
930 606 1103 672 nimis,
1152 612 1199 659 et
1245 604 1484 671 jumenta
1530 622 1708 658 eorum
1760 624 1859 659 non
1901 605 2198 661 minoravit.
2244 604 2308 658 Et
2336 610 2380 663 Α
2410 608 2475 659 Ἐ

2244 604 2308 658 Et
2336 610 2380 663 Δ
2410 608 2610 659 Ἕθετο
2633 605 2849 674 ἔρημον
2887 607 2971 669 είς
3002 603 3216 672 λίμνας
3252 600 3501 663 ὑδάτων,
3538 597 3653 669 γῆν
3678 595 3936 664 ἄνυδρον

767 702 923 766 pauci
955 695 1085 765 facti
1114 705 1254 757 sunt,
1286 706 1335 749 et
1362 698 1536 749 vexati
1565 705 1683 749 sunt
1726 714 1756 748 a
1788 698 2117 751 tribulatione
2144 699 2307 751 malo-

758 803 886 862 rum
909 797 957 839 et
984 786 1181 840 dolore.
1215 783 1400 853 E/fusa
1428 794 1504 838 est
1536 788 1840 853 contemptio
1870 802 2023 856 super
2052 789 2305 856 principes

769 892 966 940 eorum,
999 887 1045 930 et
1092 892 1273 930 errare
1302 876 1423 944 Iecit
1459 891 1543 929 eos
1574 877 1625 951 in
1664 878 1835 941 invio,
1876 887 1924 931 et
1973 896 2073 931 non
2102 880 2155 932 in
2203 879 2305 932 via.

773 964 976 1021 Etenim
1015 965 1251 1020 Iudaica:
1273 965 1447 1035 gentis
1478 966 1762 1020 multitudo
1790 968 1844 1019 in
1886 975 2091 1021 tantam
2133 969 2302 1021 hono-

772 1070 888 1109 rum
932 1054 1209 1123 penuriam
1263 1054 1473 1109 redacta
1518 1064 1621 1119 est,
1681 1064 1739 1109 ut
1768 1060 1924 1126 pauci
1966 1073 2129 1127 penes
2160 1058 2307 1127 ipsos

771 1143 1106 1212 reperiantur
1146 1144 1239 1213 qui
1274 1144 1567 1198 secundum
1604 1144 1771 1220 Deum
1802 1147 2041 1215 praeclari
2068 1148 2194 1201 sint.
2230 1147 2306 1201 Ac

745 1242 881 1289 tota
913 1235 1128 1305 quidem
1161 1250 1346 1289 eorum
1378 1252 1507 1307 gens
1531 1252 1650 1306 quae
1682 1238 1735 1291 in
1765 1237 1865 1292 hoc
1894 1239 2147 1293 vaticinio
2174 1255 2306 1309 pra:-

771 1326 1088 1396 nuntiantur
1133 1325 1411 1380 sustinuit.
1445 1325 1722 1397 Principes
1772 1336 1947 1382 autem
1993 1343 2214 1391 eorum,
2252 1336 2305 1383 et

770 1415 1092 1485 patriarchae
1109 1415 1350 1485 quidam,
1374 1416 1700 1480 sacerdotes,
1740 1418 2143 1489 legisdoetores,
2170 1417 2302 1473 Sad-

770 1504 995 1571 duccmi,
1032 1504 1232 1560 Scribze
1262 1513 1315 1560 et
1344 1504 1598 1562 Phariszei
1630 1507 1830 1577 pudore
1852 1507 2041 1563 sun‘usi
2072 1516 2216 1575 sunt,
2248 1508 2301 1562 in

769 1601 1242 1664 contemptumque
1290 1594 1505 1662 traditi;
1565 1604 1752 1664 utpote
1800 1598 1927 1667 qui,
1965 1598 2140 1652 vocati
2176 1610 2301 1650 cum

768 1690 949 1737 essent
973 1681 1039 1735 ad
1070 1683 1205 1736 viam
1236 1692 1456 1746 rectam,
1479 1683 1624 1736 illam
1646 1686 1969 1753 respuerint.

2413 698 2499 759 είς
2537 694 2835 767 διεξόδους
2866 690 3113 747 ὐδάτωνζ
3160 692 3270 746 Kal
3313 690 3638 755 κατῴκισεν
3665 687 3785 741 ἐκεῖ
3820 702 3942 739 πει-

2403 785 2646 851 νῶντας,
2678 785 2774 837 καὶ
2814 776 3265 852 σωεστῆσαντο
3297 783 3501 847 πόλεις
3540 778 3934 843 κατοικεσίας.

2405 876 2510 930 Kal
2535 874 2818 941 ἔσπειραν
2847 873 3060 942 ἀγροὺς
3081 872 3176 926 καί
3209 872 3545 941 ἐφύτευσαν
3563 865 3937 938 ἀμπελῶνας,

2404 965 2498 1018 καί
2544 964 2835 1029 ἐποίησαν
2863 961 3098 1029 ,καρπὸν
3138 961 3517 1031 γεννήματος.
3566 957 3675 1012 Kal
3701 956 3941 1024 εὐλόγηέ

2404 1068 2513 1105 σεν
2546 1051 2763 1116 αὐτοὺς
2804 1036 2903 1103 Δκαὶ
2952 1046 3411 1118 ἐπληθύνθησαν
3446 1045 3698 1115 σφόδρα,
3745 1043 3839 1097 καί
3870 1042 3941 1095 τὰ

2407 1141 2593 1207 κτήνη
2624 1139 2818 1194 αὐτῶν
2855 1142 2963 1193 οὐκ
2988 1140 3361 1209 ἐσμίκρννεν.
3411 1138 3520 1192 Kal
3559 1135 3941 1205 ὡλιγὼθησαν

2406 1232 2503 1285 καὶ
2519 1229 2901 1297 ἐκακώθησαν
2919 1229 3036 1284 ἀπὸ
3060 1230 3315 1297 θλίψεως
3348 1226 3548 1281 κακῶν
3573 1226 3670 1279 καὶ
3698 1224 3937 1291 ὀδύνης.

2417 1321 2691 1390 Ἐ’ξεχύθη
2722 1314 3113 1384 ὲξσυδένωσις
3148 1320 3239 1371 ἐπ’
3265 1318 3557 1387 ἄρχοντας
3592 1314 3805 1382 αὐτῶν,
3839 1314 3937 1367 καί

2402 1410 2745 1479 ἐπλάνησεν
2781 1410 2999 1475 αὐτοὺς
3036 1410 3106 1463 ἐν
3146 1408 3370 1475 ἀϐάτῳ,
3405 1408 3501 1461 καί
3532 1412 3641 1477 οὐχ
3676 1405 3811 1471 ὀδῷ.
3866 1396 3938 1457 Τὸ

2408 1499 2504 1569 μὲν
2531 1498 2639 1569 γὰρ
2683 1498 2881 1569 πλῆθος
2912 1498 3003 1550 τοῦ
3042 1498 3303 1551 Ἰουδαίων
3346 1496 3527 1559 ἔθνους
3558 1499 3635 1559 είς
3676 1495 3937 1563 τοσαύτην

2404 1590 2603 1660 ἥλασεν
2648 1589 2865 1658 ἀγαθῶν
2907 1590 3118 1653 σπάνιν,
3172 1589 3247 1652 ὡς
3271 1589 3479 1657 ὀλίγους
3512 1586 3853 1659 εὑρίσκεσθαι
3880 1587 3936 1637 ἐν

2404 1681 2585 1742 αὐτοῖς
2624 1680 2746 1743 τοὺς
2791 1680 2929 1733 κατὰ
2956 1679 3089 1733 Θεὸν
3115 1679 3539 1748 εὐδοκιμοῦντας.
3582 1679 3697 1731 Καὶ
3734 1677 3793 1730 τὸ
3841 1675 3945 1746 μὲν·

769 1775 876 1826 πᾶν
900 1772 1044 1836 ἔθνος
1082 1774 1281 1843 ταύτην
1320 1773 1570 1843 ὑπέμεινε
1599 1774 1695 1845 τὴν
1725 1776 2055 1847 πρόρρησινο
2084 1776 2134 1827 ol
2162 1774 2205 1826 δ’
2238 1775 2294 1826 ὲν
2326 1771 2505 1832 αὐτοῖς
2535 1769 2810 1840 ἄρχοντες,
2840 1770 3168 1841 πατριάρχαι
3220 1769 3361 1831 τινὲς
3410 1769 3503 1822 καὶ
3543 1769 3810 1838 ἀρχιερεῖς
3845 1765 3933 1819 καὶ

767 1865 1218 1935 νομοδιδάσκαλοι,
1258 1865 1592 1920 Σαδδουκαῖοί
1626 1884 1683 1921 τε
1720 1868 1811 1920 καὶ
1839 1868 2183 1938 Γραμματεῖς
2236 1865 2327 1919 καὶ
2353 1865 2629 1934 Φαρισαῖοι
2691 1861 2950 1933 αἰσχύνην
3001 1862 3343 1932 κατεχέαντο,
3398 1860 3732 1928 ὲξουδενὼσει
3768 1875 3933 1928 παρα·

768 1955 1004 2018 δοθέντες
1030 1972 1045 1986 ·
1091 1956 1185 2009 ἆτε
1226 1955 1289 2025 δὴ
1329 1956 1613 2037 κληθέντες
1646 1958 1741 2011 ἐπὶ
1782 1959 1879 2028 τὴν
1925 1958 2136 2010 εὐθεῖαν
2179 1957 2295 2010 ὁδὸν
2331 1955 2421 2007 καὶ
2451 1953 2910 2024 παραιτησάμενοι
2940 1953 3126 2023 αὑτήν.

838 2065 1005 2123 'Vsns.
1030 2069 1118 2123 M.
1148 2068 1215 2122 Et
1235 2070 1433 2139 adjuvit
1462 2088 1733 2141 pauperem
1754 2072 1817 2125 de
1836 2072 2028 2140 inopia.
2054 2071 2151 2125 Hic
2176 2087 2305 2125 eou—
2332 2079 2377 2132 B
2472 2071 2543 2123 Kc

2225 2088 2305 2125 )u-
2332 2079 2377 2132 B
2472 2068 2580 2123 Kal
2606 2067 2895 2136 ἐϐοήθησε
2923 2068 3144 2136 πένητα
3172 2068 3240 2121 ἐκ
3272 2070 3577 2136 πτωχείας.
3599 2065 3717 2117 -Καὶ
3747 2065 3803 2116 ὲν
3824 2061 3930 2115 τού·

770 2167 922 2214 siteto
944 2172 1092 2211 more
1115 2156 1471 2229 Symmachus
1498 2160 1685 2224 edidit,
1716 2158 1783 2212 Et
1812 2161 2003 2213 muniet
2030 2175 2300 2229 paupurem

770 2250 834 2301 ab
864 2246 1155 2317 afﬂictione.
1181 2245 1292 2301 Illis
1318 2247 1556 2316 quidem,
1597 2249 1691 2313 ait,
1734 2264 1853 2319 quae
1894 2250 2147 2318 praadicta
2177 2255 2302 2303 sunt

770 2338 1056 2393 evenient:
1084 2351 1370 2406 pauperem
1415 2353 1544 2393 vero
1585 2339 1836 2408 populum
1864 2340 2087 2406 muniet,
2112 2339 2299 2395 videli-

773 2435 857 2480 cet
888 2426 1039 2479 illum
1068 2425 1161 2494 qui
1193 2439 1259 2479 ex
1293 2427 1542 2495 gentibus
1577 2428 1985 2484 constituendus
2006 2438 2107 2493 est,
2142 2444 2298 2499 quem

702 2528 714 2535 ‘
768 2517 984 2571 beatum
1039 2514 1339 2585 praedicans
1386 2515 1633 2572 Salvator
1687 2532 1750 2575 ac
1805 2518 2063 2575 Dominus
2119 2529 2302 2577 noster

768 2605 926 2661 Jesus
952 2603 1203 2661 Christus
1223 2606 1433 2661 dicebat
1461 2627 1474 2662 :
1505 2608 1655 2664 Beati
1675 2625 1920 2679 pauperes
1949 2611 2155 2679 spiritu,
2183 2628 2304 2682 quo-

774 2696 909 2749 niam
936 2695 1164 2763 ipsorum
1182 2704 1255 2748 est
1288 2711 1497 2765 regnum
1526 2698 1769 2751 calorum
1796 2699 1861 2753 ⁷⁸.
1890 2698 1959 2751 Et
2000 2700 2171 2767 posuit
2198 2700 2303 2752 sic-

769 2793 824 2838 ut
869 2800 983 2839 oves
1031 2784 1283 2853 familias.
1342 2784 1534 2855 Aquila
1573 2801 1698 2841 vero
1760 2788 1854 2853 ait,
1872 2788 1949 2843 Et
1990 2798 2141 2857 ponet
2170 2791 2304 2844 sicut

771 2877 902 2931 ovile
932 2877 1292 2945 cognationes;
1336 2874 1690 2946 Symmachus
1735 2889 1934 2945 autem,
1973 2878 2039 2933 Et
2087 2889 2298 2943 statuet,

770 2966 973 3037 inquit,
1021 2966 1151 3018 sicut
1182 2979 1382 3034 gregem
1421 2967 1744 3033 cognationes
1774 2968 1869 3023 :id
1922 2977 2005 3024 est
2034 2968 2303 3025 Ecclesias

770 3071 889 3125 quas
907 3069 1002 3124 per
1020 3053 1266 3109 civitates
1289 3060 1342 3107 et
1369 3055 1614 3126 regiones
1640 3071 1707 3111 ex
1729 3057 1961 3114 diversis
1974 3060 2303 3131 cognationi-

770 3143 1193 3200 busconstitutae
1222 3149 1369 3198 sunt.

839 3235 1002 3290 Vsus.
1022 3232 1210 3297 62,45.
1245 3232 1493 3289 Videbunt
1512 3237 1637 3291 recti
1652 3246 1699 3290 et
1722 3237 2055 3303 lmtabuntur,
2075 3249 2125 3294 et
2139 3241 2304 3295 omnis

755 3324 1015 3392 iniquitas
1059 3322 1307 3394 oppilabit
1344 3341 1413 3379 eos
1469 3338 1640 3382 suum.
1676 3326 1813 3393 Quid
1845 3344 2005 3399 porro
2028 3331 2301 3398 videbunt,

2405 2175 2513 2221 τοις
2557 2156 2797 2227 συνήθως
2844 2159 2874 2210 6
2922 2154 3216 2228 Σύμμαχος
3265 2154 3523 2219 ἐξέδωκεν
3572 2152 3775 2206 εἰπών’
3828 2150 3932 2205 Kal

2406 2248 2689 2318 ὀχυρώσει
2731 2247 2970 2315 πένητα·
2996 2248 3111 2301 ἀπὸ
3155 2246 3483 2311 κακώσεως.
3545 2245 3799 2307 Ἐκείνοις
3833 2242 3931 2313 μὲν

2404 2339 2511 2406 γὰρ
2543 2337 2695 2390 ἔσται
2732 2335 2800 2388 τὰ
2832 2335 3267 2408 προδηλωθὲντα,
3304 2336 3440 2405 φησί
3462 2352 3478 2365 ο
3507 2336 3596 2387 τὸν
3644 2333 3703 2387 δὲ
3735 2333 3933 2401 πένητα
3990 2350 3993 2353 ν

2404 2428 2530 2481 λαὸν
2563 2425 2858 2497 ὀχυρώσεν
2892 2426 2981 2481 τὸν
3015 2425 3073 2492 ἐξ
3102 2425 3267 2480 ὲθνῶν
3291 2425 3492 2495 δηλαδὴ
3526 2424 3933 2495 συστησάμενον·

2403 2518 2463 2573 ὃν
2486 2518 2579 2571 καὶ
2602 2516 2915 2588 μακαρίζων
2941 2518 2970 2568 6
2997 2515 3183 2587 Σωτὴρ
3210 2516 3304 2570 καὶ
3329 2515 3527 2586 Κύριος
3543 2517 3581 2585 ’ἠ
3591 2514 3703 2584 μῶν
3734 2512 3933 2583 Ἰησοῦς

2405 2609 2633 2680 Χριστὸς
2657 2608 2808 2676 ἔλεγε
2829 2623 2843 2638 ’
2874 2606 3158 2675 Μακάριοι
3199 2608 3251 2661 ol
3281 2604 3498 2674 πτωχοὶ
3526 2603 3603 2670 τῷ
3628 2605 3931 2674 πνεύματι,

2405 2702 2495 2754 ὅτι
2525 2698 2720 2754 αὐτῶν
2749 2700 2917 2751 ἐστιν
2949 2699 2987 2765 ἡ
3027 2697 3310 2762 ,ϐασιλεία
3342 2692 3459 2750 τῶν
3491 2695 3777 2764 οὐρανῶν.
3830 2695 3935 2748 Kal

2405 2790 2567 2843 ἔθετο
2601 2789 2681 2853 ὼς
2731 2788 2986 2854 πρόϐατα
3024 2786 3268 2856 πατριάς
3297 2804 3311 2817 ·
3368 2788 3397 2840 6
3433 2786 3489 2840 δὲ
3526 2786 3781 2850 Ἀκύλας,
3830 2785 3933 2838 Καὶ

2406 2878 2593 2946 θήσει,
2626 2878 2806 2947 φησὶν,
2834 2876 2912 2941 ὡς
2935 2878 3204 2946 ποίμνιον
3256 2877 3623 2947 συγγενείας*
3648 2878 3678 2929 6
3704 2877 3761 2930 δὲ
3796 2875 3932 2945 Σύμο

2408 2987 2594 3041 μαχος,
2626 2966 2734 3023 Καὶ
2756 2965 2936 3031 τάξει,
2965 2969 3144 3037 φησιν,
3183 2968 3262 3034 ὡς
3293 2969 3549 3036 ποίμνην
3570 2966 3934 3037 συγγενείας,

2405 3060 2501 3123 τὰς
2516 3058 2654 3112 κατὰ
2667 3058 2816 3111 πόλιν
2845 3058 3094 3110 καὶκατὰ
3121 3056 3299 3128 χώραν
3334 3057 3648 3126 Ἐκκλησίας
3676 3058 3739 3109 ὲκ
3764 3056 3935 3125 διαφό-

2407 3167 2516 3222 ρων
2550 3149 2874 3219 συγγενειιῖιν
2902 3146 3257 3210 συνεστώσας.

2476 3240 2760 3307 Ὄψονται
2784 3238 2973 3303 εὐθεῖς
2992 3237 3085 3291 καὶ
3111 3234 3633 3305 εὐφρανθήσονται,
3656 3236 3754 3289 καὶ
3774 3234 3934 3291 πᾶσα

2405 3328 2617 3397 ἀνομία
2641 3326 2919 3397 ἐμφράεει
2952 3326 3017 3380 τὸ
3049 3329 3239 3395 στόμα
3264 3325 3477 3394 αὐτῆς.
3529 3325 3595 3379 Τί
3626 3325 3684 3379 δὲ
3724 3326 3936 3395 ὕψονται

769 3412 871 3465 nisi
925 3412 1104 3467 rerum
1160 3427 1225 3469 ex
1257 3412 1613 3471 deterioribus
1642 3415 1711 3470 ad
1762 3416 1981 3472 meliora
2012 3429 2306 3474 commuta-
2332 3420 2373 3478 C
2404 3417 2474 3470 ex

2226 3429 2306 3474 ta-
2332 3420 2373 3478 C
2404 3416 2514 3470 ἀλλ’
2539 3416 2573 3487 ἢ
2613 3417 2712 3488 τὴν
2742 3416 2849 3470 ἀπὸ
2877 3414 2983 3469 τῶν
3011 3417 3260 3489 χειρόνων
3294 3417 3387 3469 ἐπὶ
3414 3417 3480 3471 τὰ
3518 3416 3745 3487 κρείττω
3776 3432 3930 3486 μετα-

767 3500 963 3555 tionem
983 3500 1007 3556 l
1029 3499 1384 3568 Quamobrem
1407 3502 1482 3557 iis
1506 3502 1595 3572 qui
1627 3501 1935 3572 prophetias
1960 3504 2023 3558 ad
2058 3503 2299 3559 ell'ectum

765 3600 817 3647 et
840 3593 998 3649 ﬁnem
1036 3592 1298 3649 deductas
1326 3601 1718 3663 conspexerunt
1746 3594 1957 3648 dicebat
1997 3593 2250 3651 Servator
2283 3616 2297 3651 :

774 3683 946 3738 Vestri
965 3692 1137 3739 autem
1166 3684 1300 3738 beati
1328 3684 1485 3748 oculi,
1504 3685 1626 3755 quia
1648 3683 1853 3746 vident;
1884 3690 1935 3738 et
1960 3701 1974 3737 :
2010 3686 2164 3740 Multi
2188 3700 2302 3754 pro-

765 3774 927 3843 pheta:
954 3773 1219 3849 voluerunt
1255 3774 1421 3829 videre
1464 3790 1580 3844 qua:
1608 3790 1693 3828 vos
1717 3773 1918 3838 videtis,
1946 3785 1995 3829 et
2026 3792 2128 3830 non
2163 3777 2300 3831 oide-
2318 3846 2329 3853 ,Α

766 3873 890 3918 runt
910 3865 975 3917 τ’.
1001 3861 1069 3917 Ει
1088 3863 1253 3918 omnis
1283 3864 1527 3934 iniquitas
1558 3864 1805 3933 oppilabit
1833 3883 1889 3920 os
1917 3881 2090 3921 suum.
2123 3867 2180 3921 In
2211 3883 2299 3921 ra-

766 3956 909 4011 hiem
938 3962 1056 4009 acta
1076 3961 1137 4009 et
1150 3954 1219 4009 ob
1245 3954 1495 4010 invidiam
1516 3956 1699 4011 dolore
1723 3956 1909 4023 fracta,
1931 3972 2102 4026 neque
2124 3966 2300 4012 tamen

768 4042 969 4110 aliquid
994 4056 1151 4111 agere
1178 4044 1383 4106 valens,
1410 4044 1533 4113 quia
1562 4044 1701 4107 Deus
1723 4045 1794 4100 ita
1824 4047 2012 4101 voluit.
2036 4046 2092 4100 Id
2121 4058 2299 4102 autem

764 4129 1045 4185 manifeste
1072 4130 1250 4185 videre
1276 4131 1421 4197 licet,
1438 4146 1561 4187 cum
1592 4132 1884 4189 inﬁdelium
1912 4144 1966 4187 et
1993 4135 2299 4189 idololatra—

764 4232 885 4271 rum
918 4216 1193 4287 iniquitas,
1223 4226 1413 4272 contra
1441 4216 1734 4272 Ecclesiam
1770 4219 1971 4274 Christi
2018 4218 2199 4274 furens
2232 4228 2300 4274 et

763 4322 904 4376 saepe
936 4306 1232 4373 insaniens,
1261 4305 1405 4375 quod
1450 4302 1665 4359 demum
1712 4305 1846 4360 nihil
1884 4321 2042 4377 agere
2078 4307 2295 4372 valeret,

763 4412 827 4453 os
860 4412 1016 4453 suum
1058 4395 1351 4458 obturavit,
1397 4409 1427 4447 a
1461 4393 1643 4448 divino
1685 4395 1849 4448 verbo
1878 4394 2085 4450 frenata
2116 4415 2128 4450 :
2156 4398 2295 4467 quod

760 4487 922 4541 etiam
946 4487 1049 4540 illis
1066 4493 1305 4555 tempore
1328 4483 1755 4553 persecutionum
1781 4483 1895 4537 haec
1912 4484 2071 4540 edicit
2101 4506 2113 4541 :
2144 4487 2294 4550 Tace,
2334 4522 2337 4527 η

760 4576 1050 4631 obmutesce
1075 4577 1141 4630 ⁸⁸.
1174 4574 1510 4645 lniquitatem
1538 4589 1664 4629 vero
1709 4574 1972 4645 intelligas
2003 4578 2292 4643 diabolum,

761 4676 813 4721 ct
833 4682 1045 4722 omnem
1076 4666 1255 4735 iniqua
1281 4672 1546 4736 agentem,
1577 4666 1871 4719 secundum
1892 4667 2050 4721 illud:
2078 4666 2296 4724 Obstru—

2402 3504 2587 3576 ϐολήνς
2616 3505 2707 3558 Διὸ
2726 3507 2843 3567 τοῖς
2872 3504 2942 3557 τὰ
2964 3504 3089 3576 τέλη
3114 3503 3220 3559 τῶν
3241 3504 3578 3575 προφητειῶν
3598 3503 3934 3574 τεθεαμένοις

2400 3595 2580 3663 ἔλεγεν
2610 3597 2638 3648 6
2661 3595 2871 3666 Σωτήρδ
2922 3594 3111 3663 ’Υμῶν
3136 3595 3203 3648 δὲ
3232 3595 3503 3665 μακάριοι
3542 3596 3597 3649 ol
3628 3595 3935 3663 ὀφθαλμοί,

2400 3685 2487 3738 ὅτι
2520 3685 2819 3749 βλέπουσι
2840 3701 2853 3714 ·
2898 3685 3011 3749 καὶ,
3055 3687 3274 3740 Πολλοί
3316 3684 3605 3755 προφῆται
3648 3686 3935 3754 ἐπεθύμη-

2399 3788 2517 3825 σαν
2545 3772 2688 3826 ίδεῖν
2732 3770 2772 3825 d
2814 3760 2979 3841 ὑμεῖς
3008 3773 3285 3837 βλέπετε,
3332 3774 3428 3827 καί
3460 3775 3567 3827 οὐκ
3605 3772 3782 3826 εἶδον.
3826 3773 3933 3825 Kal

2398 3862 2565 3919 πᾶσα
2595 3862 2792 3917 ἀδικία
2834 3861 3109 3931 ὲμφράξει
3134 3861 3200 3914 τὸ
3225 3863 3415 3939 στόμα
3446 3860 3657 3931 αὐτῆςο
3692 3862 3933 3915 λυττῶσα

2399 3954 2501 4007 ὑπὸ
2529 3954 2718 4022 φθόνου
2766 3951 3217 4023 διαρῤηγνυμένη,
3264 3952 3425 4023 μηδὲν
3470 3952 3525 4004 δὲ
3570 3952 3826 4022 πράττειν
3850 3954 3933 4006 διὰ

2395 4046 2484 4099 τὸν
2509 4045 2679 4099 ταῦτα
2702 4042 3017 4115 βουληθέντα
3045 4041 3173 4095 Θεὸν
3192 4041 3477 4111 δυναμένη.
3512 4041 3679 4094 Τοῦτο
3704 4042 3760 4094 δὲ
3794 4043 3932 4113 πάρ-

2396 4153 2540 4189 εστιν
2611 4133 2849 4206 ἐναργῶς
2889 4134 3039 4204 ὁρᾷν,
3081 4132 3155 4195 ὡς
3186 4133 3323 4186 κατὰ
3353 4131 3448 4202 τῆς
3487 4130 3800 4201 Ἐκκλησίας
3840 4130 3932 4184 τοῦ

2394 4225 2625 4297 Χριστοῦ
2658 4226 2694 4297 η
2722 4224 2828 4277 τῶν
2873 4224 3111 4277 ἀπίστων
3156 4224 3249 4275 καὶ
3293 4222 3679 4294 είδωλολατρῶν
3726 4222 3932 4292 ἀνδρῶν

2394 4318 2589 4387 ἀνομία
2616 4316 2857 4369 λυττῶσα
2886 4316 2980 4369 καὶ
3022 4314 3275 4377 πολλάκις
3305 4315 3634 4384 ἐπιμήνασα,
3657 4312 3808 4378 τέλος
3846 4312 3933 4365 διὰ

2393 4405 2454 4457 τὸ
2498 4403 2659 4475 μηδὲν
2703 4403 2977 4466 δύνασθαι,
3019 4403 3078 4457 τὸ
3122 4403 3292 4473 στόμα
3336 4403 3531 4473 ἑαυτῆς
3574 4401 3801 4472 ἔφραξεν
3830 4402 3932 4455 ὑπὸ

2393 4491 2484 4545 τοῦ
2514 4491 2655 4543 θείου
2692 4490 2844 4559 λόγου
2874 4492 3197 4563 φιμουμένη,
3225 4492 3316 4545 τοῦ
3346 4492 3439 4545 καὶ
3465 4493 3600 4562 αὐτῇ
3633 4492 3771 4544 κατὰ
3809 4493 3931 4555 τοὺς

2392 4585 2496 4638 τῶν
2532 4582 2782 4665 διωγμῶν
2814 4584 3036 4655 καιροὺς
3066 4584 3390 4652 φάσκοντος·
3424 4585 3638 4646 Σιώπα,
3676 4582 3931 4650 πεφίμω-

2391 4692 2483 4730 σο.
2520 4675 2767 4745 Ἀνομίαν
2795 4674 2851 4726 δὲ
2882 4675 3090 4745 νοήσεις
3118 4674 3206 4726 τὸν
3233 4672 3490 4735 διάὸολον,
3521 4674 3609 4726 καὶ
3642 4673 3814 4725 πάντα
3841 4673 3929 4725 τὸν

761 4766 901 4808 ctum
925 4765 1003 4809 est
1045 4770 1102 4807 os
1127 4754 1442 4823 loquentium
1484 4752 1661 4821 iniqua
1707 4752 1772 4806 “.
1822 4752 1952 4817 Quis
1989 4756 2214 4820 sapiens,
2243 4766 2289 4808 et
2323 4764 2364 4816 Ι)
2391 4784 2466 4819 και

2243 4766 2289 4808 ει
2323 4764 2364 4816 D
2391 4768 2509 4819 κατ’
2540 4765 2702 4835 αὐτὴν
2749 4764 3128 4835 πεποιημένον,
3174 4764 3311 4817 κατὰ
3356 4764 3443 4816 τό·
3502 4764 3816 4835 Ἐνεφράγη
3863 4766 3926 4818 τὸ

761 4845 1015 4898 custodiet
1059 4844 1167 4897 lucc
1218 4858 1235 4894 :
1290 4851 1338 4895 et
1391 4841 1674 4911 intelligent
1740 4843 2122 4897 misericordias
2189 4843 2293 4897 Do-

763 4936 891 4989 mini
916 4934 1022 4987 “"l

867 5048 919 5101 1.
946 5042 1294 5108 CANTICUM
1331 5043 1577 5101 PSALMI
1614 5045 1737 5101 IPSI
1775 5044 1996 5101 DAVID.
2032 5042 2185 5099 CVII.

837 5138 997 5194 Vens.
1035 5140 1163 5195 2-5.
1197 5138 1453 5192 Paratum
1494 5157 1583 5193 cor
1625 5158 1812 5206 meum,
1845 5140 2005 5204 Deus,
2049 5148 2291 5209 paratum

762 5248 851 5285 cor
887 5247 1074 5295 meum,
1107 5230 1326 5285 cantabo
1358 5241 1408 5285 et
1438 5232 1661 5299 psallam
1703 5234 1755 5285 in
1795 5232 1964 5302 gloria
2010 5247 2141 5285 mea.
2181 5228 2291 5282 Ex-

762 5336 932 5391 surge,
960 5317 1130 5393 gloria
1177 5335 1311 5385 mea,
1338 5336 1573 5392 exsurge,
1620 5323 1924 5391 psalterium
1969 5331 2016 5376 et
2064 5321 2287 5387 cithara,

761 5418 1039 5482 exsurg’am
1064 5410 1312 5467 diluculo.
1343 5412 1633 5481 Conﬁtebor
1677 5414 1769 5467 tibi
1804 5416 1865 5468 in
1914 5415 2135 5483 populis,
2183 5412 2289 5466 Do-

764 5502 919 5565 mine,
960 5499 1184 5569 psallam
1214 5500 1306 5554 tibi
1345 5502 1397 5556 in
1442 5504 1758 5558 nationibus.
1806 5504 2064 5571 Quoniam
2103 5520 2287 5575 magna

2392 4858 2581 4932 στόμα
2602 4856 2944 4909 λαλούντων
2968 4854 3157 4907 ἄδικα.
3181 4857 3273 4917 T.'c
3306 4853 3513 4937 σοφὸς,
3544 4856 3639 4909 καί
3677 4856 3928 4924 φυλάξει

2391 4946 2589 5010 ταῦτα,
2618 4947 2715 4999 καὶ
2746 4944 3086 5014 συνήσουσι
3126 4945 3196 4998 τὰ
3228 4942 3364 5011 ἐλέη
3405 4944 3508 4999 τοῦ
3539 4947 3787 5014 Κυρίου;

2675 5059 2806 5128 nan
2833 5056 3125 5111 ΨΑΑΜυΥ
3154 5057 3243 5127 Tn
3260 5056 3472 5110 ΔΔΥῐΔ.
3502 5056 3618 5109 PZ'.

2468 5146 2699 5217 Ἐτοίμη
2726 5149 2764 5217 ἠ
2791 5148 2997 5216 καρδία
3010 5164 3149 5217 μου,
3178 5145 3400 5212 όιΘεὸς,
3422 5146 3623 5215 ἑτοίμη
3650 5145 3690 5213 ἡ
3716 5146 3925 5215 καρδία

2386 5253 2522 5305 μου,
2549 5236 2763 5307 ᾄσομαι
2796 5239 2891 5291 ml
2922 5238 3095 5307 ψαλῶ
3124 5238 3193 5290 ἐν
3222 5238 3294 5307 τῇ
3321 5238 3468 5305 δόξῃ
3490 5252 3626 5305 μου·
3664 5235 3923 5305 Ἐεεγέρο

2389 5333 2537 5396 θητι,
2594 5329 2635 5407 τι
2677 5328 2824 5393 δόξα
2884 5348 3021 5399 μου,
3052 5329 3401 5398 ἐξετέρθητι.
3448 5327 3779 5397 ψαλτήριον
3826 5328 3920 5381 και

2392 5416 2615 5486 κιθάρα,
2639 5418 3088 5490 ἐξεγερθήσομαι
3126 5420 3351 5490 ὄρθρου.
3387 5417 3920 5487 Ἐξομολογήσομαί

2390 5525 2488 5562 σοι
2511 5510 2583 5563 ἐν
2622 5509 2806 5576 λαοῖς,
2833 5512 3021 5579 Κύριε,
3064 5510 3236 5579 ψαλῶ
3264 5526 3362 5565 σοι
3399 5509 3468 5561 ὲν
3509 5508 3763 5564 ἔθνεσιν.
3796 5510 3917 5560 Ὅτι

763 5603 837 5647 est
870 5609 1021 5663 super
1045 5590 1198 5647 caelos
1224 5592 1584 5650 misericordia
1610 5608 1719 5659 tua,
1761 5604 1810 5649 et
1845 5613 2001 5666 usque
2032 5596 2100 5651 ad
2132 5596 2285 5651 nubes
2383 5600 2468 5668 μέι

2204 5596 2285 5651 bes
2383 5600 2535 5669 μέγα
2556 5600 2750 5655 ἐπάνω
2781 5600 2899 5655 τῶν
2927 5601 3191 5669 οὐρανῶν
3227 5602 3291 5681 τὸ
3324 5600 3493 5665 ἔλεός
3525 5614 3662 5665 σου,
3691 5599 3788 5654 καὶ
3814 5598 3909 5661 ἕως

763 5687 950 5742 veritas
978 5694 1085 5741 tua.
1118 5682 1218 5749 Qui
1247 5685 1468 5742 salutari
1514 5688 1603 5741 illa
1637 5687 1963 5743 beatitudine
1989 5688 2181 5761 dignus
2208 5688 2289 5744 ef-

2389 5690 2505 5745 τῶν
2553 5692 2835 5762 νεφελῶν
2861 5694 2899 5762 ἡ
2946 5694 3191 5761 ἀλήθειά
3234 5709 3369 5747 σου.
3417 5692 3473 5744 '0
3518 5691 3610 5745 τοῦ
3658 5689 3911 5761 σωτηρίοις

833 5841 876 5872 ⁷⁸
911 5840 1092 5896 Matth.
1128 5858 1182 5908 v,
1213 5840 1270 5899 5.
1341 5842 1388 5877 "
1423 5841 1609 5898 Matth.
1646 5858 1773 5907 xm,
1812 5843 1988 5908 16,17.
2072 5794 2319 5897 “’Marc.
2353 5858 2430 5910 tv,
2461 5842 2538 5903 39.

2072 5842 2117 5877 ³⁸
2156 5841 2319 5897 Marc.
2353 5858 2430 5910 ιν,
2461 5842 2561 5903 39.
2623 5844 2668 5878 ⁸¹
2710 5844 2848 5902 Psal.
2886 5862 3029 5913 un,
3067 5848 3150 5900 12.
3214 5848 3278 5876 ⁸³⁸
3315 5846 3452 5903 I‘sul.
3491 5861 3598 5907 ert,
3628 5844 3714 5899 45.
