  <div class='ocr_page' id='page_1' title='image "/cluster/home/n/w/nwhite01/storage/ocr_20150623/23/coo.31924054873041/682.png"; bbox 0 0 4318 6414; ppageno 0'>
   <div class='ocr_carea' id='block_1_1' title="bbox 413 492 547 548">
    <p class='ocr_par' dir='ltr' id='par_1_1' title="bbox 413 492 547 548">
     <span class='ocr_line' id='line_1_1' title="bbox 413 492 547 548; baseline 0 -1"><span class='ocrx_word' id='word_1_1' title='bbox 413 492 547 548; x_wconf 70' lang='grc'><strong>1529</strong></span> 
     </span>
    </p>
   </div>
   <div class='ocr_carea' id='block_1_2' title="bbox 1462 495 2430 553">
    <p class='ocr_par' dir='ltr' id='par_1_2' title="bbox 1462 495 2430 553">
     <span class='ocr_line' id='line_1_2' title="bbox 1462 495 2430 553; baseline 0.002 -3"><span class='ocrx_word' id='word_1_2' title='bbox 1462 495 1959 550; x_wconf 74' lang='lat' dir='ltr'><strong>COMMENTAIHA</strong></span> <span class='ocrx_word' id='word_1_3' title='bbox 2000 496 2064 551; x_wconf 86' lang='lat' dir='ltr'><strong>IN</strong></span> <span class='ocrx_word' id='word_1_4' title='bbox 2105 497 2430 553; x_wconf 78' lang='lat' dir='ltr'><strong>PSALMUS.</strong></span> 
     </span>
    </p>
   </div>
   <div class='ocr_carea' id='block_1_3' title="bbox 3439 500 3571 554">
    <p class='ocr_par' dir='ltr' id='par_1_3' title="bbox 3439 500 3571 554">
     <span class='ocr_line' id='line_1_3' title="bbox 3439 500 3571 554; baseline 0.008 -1"><span class='ocrx_word' id='word_1_5' title='bbox 3439 500 3571 554; x_wconf 73' lang='lat' dir='ltr'><strong>I330</strong></span> 
     </span>
    </p>
   </div>
   <div class='ocr_carea' id='block_1_4' title="bbox 413 612 2118 688">
    <p class='ocr_par' dir='ltr' id='par_1_4' title="bbox 413 612 2118 688">
     <span class='ocr_line' id='line_1_4' title="bbox 413 612 2118 688; baseline 0.002 -20"><span class='ocrx_word' id='word_1_6' title='bbox 413 617 756 687; x_wconf 74' lang='grc' dir='ltr'><strong>μακαρισμοῦ</strong></span> <span class='ocrx_word' id='word_1_7' title='bbox 784 618 1063 687; x_wconf 80' lang='grc' dir='ltr'>γενόμενος</span> <span class='ocrx_word' id='word_1_8' title='bbox 1102 614 1263 681; x_wconf 73' lang='grc' dir='ltr'>ἄξιος,</span> <span class='ocrx_word' id='word_1_9' title='bbox 1295 616 1359 669; x_wconf 83' lang='grc' dir='ltr'><strong>δι’</strong></span> <span class='ocrx_word' id='word_1_10' title='bbox 1384 612 1443 670; x_wconf 77' lang='grc' dir='ltr'>οὗ</span> <span class='ocrx_word' id='word_1_11' title='bbox 1478 618 1686 688; x_wconf 76' lang='grc' dir='ltr'>εἴρηται</span> <span class='ocrx_word' id='word_1_12' title='bbox 1704 636 1716 648; x_wconf 92' lang='grc'>·</span> <span class='ocrx_word' id='word_1_13' title='bbox 1747 620 1938 673; x_wconf 81' lang='grc' dir='ltr'><strong>Μακά-</strong></span> <span class='ocrx_word' id='word_1_14' title='bbox 1967 633 2011 687; x_wconf 75' lang='grc' dir='ltr'><strong>Α</strong></span> <span class='ocrx_word' id='word_1_15' title='bbox 2040 620 2118 673; x_wconf 84' lang='lat' dir='ltr'><strong>l&#39;ec</strong></span> 
     </span>
    </p>
   </div>
   <div class='ocr_carea' id='block_1_5' title="bbox 1864 612 3569 688">
    <p class='ocr_par' dir='ltr' id='par_1_5' title="bbox 1864 615 3569 687">
     <span class='ocr_line' id='line_1_5' title="bbox 1864 615 3569 687; baseline -0.001 -17"><span class='ocrx_word' id='word_1_16' title='bbox 1864 620 1938 672; x_wconf 78' lang='grc' dir='ltr'><strong>εά-</strong></span> <span class='ocrx_word' id='word_1_17' title='bbox 1967 633 2011 687; x_wconf 74' lang='grc' dir='ltr'>Α</span> <span class='ocrx_word' id='word_1_18' title='bbox 2040 620 2207 673; x_wconf 80' lang='lat' dir='ltr'><strong>l‘ectus</strong></span> <span class='ocrx_word' id='word_1_19' title='bbox 2238 628 2340 681; x_wconf 85' lang='lat' dir='ltr'><strong>est,</strong></span> <span class='ocrx_word' id='word_1_20' title='bbox 2366 634 2470 687; x_wconf 88' lang='lat' dir='ltr'><strong>qua</strong></span> <span class='ocrx_word' id='word_1_21' title='bbox 2499 618 2696 671; x_wconf 84' lang='lat' dir='ltr'><strong>dicitur</strong></span> <span class='ocrx_word' id='word_1_22' title='bbox 2722 637 2732 671; x_wconf 86' lang='lat'><strong>:</strong></span> <span class='ocrx_word' id='word_1_23' title='bbox 2757 633 2905 672; x_wconf 68' lang='lat' dir='ltr'><strong>beat:</strong></span> <span class='ocrx_word' id='word_1_24' title='bbox 2927 615 3116 672; x_wconf 83' lang='lat' dir='ltr'><strong>mundo</strong></span> <span class='ocrx_word' id='word_1_25' title='bbox 3138 618 3307 683; x_wconf 87' lang='lat' dir='ltr'><strong>corde,</strong></span> <span class='ocrx_word' id='word_1_26' title='bbox 3329 618 3569 687; x_wconf 81' lang='lat' dir='ltr'><strong>quoniam</strong></span> 
     </span>
    </p>
   </div>
   <div class='ocr_carea' id='block_1_6' title="bbox 407 703 1943 773">
    <p class='ocr_par' dir='ltr' id='par_1_6' title="bbox 407 703 1943 773">
     <span class='ocr_line' id='line_1_6' title="bbox 407 703 1943 773; baseline 0.001 -15"><span class='ocrx_word' id='word_1_27' title='bbox 407 722 521 773; x_wconf 87' lang='grc' dir='ltr'>ριοι</span> <span class='ocrx_word' id='word_1_28' title='bbox 549 708 601 759; x_wconf 90' lang='lat' dir='ltr'><strong>ol</strong></span> <span class='ocrx_word' id='word_1_29' title='bbox 628 706 865 773; x_wconf 73' lang='grc' dir='ltr'>καθαροὶ</span> <span class='ocrx_word' id='word_1_30' title='bbox 907 703 981 772; x_wconf 77' lang='grc' dir='ltr'><strong>τῇ</strong></span> <span class='ocrx_word' id='word_1_31' title='bbox 1033 704 1260 772; x_wconf 77' lang='grc' dir='ltr'>καρδίᾳ,</span> <span class='ocrx_word' id='word_1_32' title='bbox 1311 705 1395 757; x_wconf 80' lang='grc' dir='ltr'>ὅτι</span> <span class='ocrx_word' id='word_1_33' title='bbox 1436 705 1602 759; x_wconf 85' lang='grc' dir='ltr'><strong>αὺτοί</strong></span> <span class='ocrx_word' id='word_1_34' title='bbox 1654 705 1756 759; x_wconf 82' lang='grc' dir='ltr'><strong>τὸν</strong></span> <span class='ocrx_word' id='word_1_35' title='bbox 1800 708 1943 761; x_wconf 82' lang='grc' dir='ltr'><strong>Θεὸν</strong></span> 
     </span>
    </p>
   </div>
   <div class='ocr_carea' id='block_1_7' title="bbox 410 792 1939 865">
    <p class='ocr_par' dir='ltr' id='par_1_7' title="bbox 410 792 1939 865">
     <span class='ocr_line' id='line_1_7' title="bbox 410 792 1939 865; baseline 0.003 -20"><span class='ocrx_word' id='word_1_36' title='bbox 410 794 677 861; x_wconf 74' lang='grc' dir='ltr'>ὄψονται,</span> <span class='ocrx_word' id='word_1_37' title='bbox 706 797 842 848; x_wconf 68' lang='lat' dir='ltr'><strong>cirros</strong></span> <span class='ocrx_word' id='word_1_38' title='bbox 871 794 934 847; x_wconf 76' lang='grc' dir='ltr'><strong>ἃν</strong></span> <span class='ocrx_word' id='word_1_39' title='bbox 971 792 1184 865; x_wconf 73' lang='grc' dir='ltr'>θαρρῶν</span> <span class='ocrx_word' id='word_1_40' title='bbox 1203 810 1216 823; x_wconf 90' lang='grc'>·</span> <span class='ocrx_word' id='word_1_41' title='bbox 1254 794 1485 862; x_wconf 80' lang='grc' dir='ltr'>Ἐτοίμη</span> <span class='ocrx_word' id='word_1_42' title='bbox 1515 796 1552 862; x_wconf 78' lang='grc' dir='ltr'><strong><em>ἠ</em></strong></span> <span class='ocrx_word' id='word_1_43' title='bbox 1576 796 1782 864; x_wconf 79' lang='grc' dir='ltr'>καρδία</span> <span class='ocrx_word' id='word_1_44' title='bbox 1802 815 1939 865; x_wconf 80' lang='grc' dir='ltr'>μου,</span> 
     </span>
    </p>
   </div>
   <div class='ocr_carea' id='block_1_8' title="bbox 409 878 1942 957">
    <p class='ocr_par' dir='ltr' id='par_1_8' title="bbox 409 878 1942 957">
     <span class='ocr_line' id='line_1_8' title="bbox 409 878 1942 957; baseline 0.003 -23"><span class='ocrx_word' id='word_1_45' title='bbox 409 885 441 934; x_wconf 86' lang='lat' dir='ltr'><strong>d</strong></span> <span class='ocrx_word' id='word_1_46' title='bbox 474 886 635 949; x_wconf 86' lang='grc' dir='ltr'>Θεός.</span> <span class='ocrx_word' id='word_1_47' title='bbox 684 885 741 936; x_wconf 89' lang='lat'><strong>&#39;0</strong></span> <span class='ocrx_word' id='word_1_48' title='bbox 776 883 1060 953; x_wconf 80' lang='grc' dir='ltr'><strong>Προφήτης</strong></span> <span class='ocrx_word' id='word_1_49' title='bbox 1093 878 1204 944; x_wconf 83' lang='grc' dir='ltr'>οὖν,</span> <span class='ocrx_word' id='word_1_50' title='bbox 1235 881 1304 934; x_wconf 88' lang='grc' dir='ltr'><strong>τά</strong></span> <span class='ocrx_word' id='word_1_51' title='bbox 1336 881 1460 949; x_wconf 78' lang='grc' dir='ltr'>φίλα</span> <span class='ocrx_word' id='word_1_52' title='bbox 1495 885 1586 935; x_wconf 81' lang='grc' dir='ltr'>καὶ</span> <span class='ocrx_word' id='word_1_53' title='bbox 1610 886 1838 955; x_wconf 84' lang='grc' dir='ltr'>συγγενῆ</span> <span class='ocrx_word' id='word_1_54' title='bbox 1865 886 1942 957; x_wconf 79' lang='grc' dir='ltr'><strong>τῷ</strong></span> 
     </span>
    </p>
   </div>
   <div class='ocr_carea' id='block_1_9' title="bbox 410 970 1941 1045">
    <p class='ocr_par' dir='ltr' id='par_1_9' title="bbox 410 970 1941 1045">
     <span class='ocr_line' id='line_1_9' title="bbox 410 970 1941 1045; baseline 0.003 -22"><span class='ocrx_word' id='word_1_55' title='bbox 410 973 547 1042; x_wconf 83' lang='grc' dir='ltr'>ἀγίῳ</span> <span class='ocrx_word' id='word_1_56' title='bbox 588 972 858 1041; x_wconf 86' lang='grc' dir='ltr'>Πνεύματι</span> <span class='ocrx_word' id='word_1_57' title='bbox 886 972 950 1023; x_wconf 79' lang='grc' dir='ltr'>δι’</span> <span class='ocrx_word' id='word_1_58' title='bbox 988 970 1250 1041; x_wconf 84' lang='grc' dir='ltr'>ὲναρέτων</span> <span class='ocrx_word' id='word_1_59' title='bbox 1281 970 1453 1040; x_wconf 81' lang='grc' dir='ltr'>ἔργων</span> <span class='ocrx_word' id='word_1_60' title='bbox 1495 974 1823 1038; x_wconf 76' lang='grc' dir='ltr'><strong>ἐπιτελέσας,</strong></span> <span class='ocrx_word' id='word_1_61' title='bbox 1865 976 1941 1045; x_wconf 83' lang='grc' dir='ltr'><strong>τῷ</strong></span> 
     </span>
    </p>
   </div>
   <div class='ocr_carea' id='block_1_10' title="bbox 408 1061 1940 1134">
    <p class='ocr_par' dir='ltr' id='par_1_10' title="bbox 408 1061 1940 1134">
     <span class='ocr_line' id='line_1_10' title="bbox 408 1061 1940 1134; baseline 0.002 -19"><span class='ocrx_word' id='word_1_62' title='bbox 408 1065 657 1117; x_wconf 81' lang='grc' dir='ltr'><strong>τοιούτων</strong></span> <span class='ocrx_word' id='word_1_63' title='bbox 714 1064 897 1133; x_wconf 82' lang='grc' dir='ltr'><strong>δοτῆρι</strong></span> <span class='ocrx_word' id='word_1_64' title='bbox 928 1061 1045 1131; x_wconf 84' lang='grc' dir='ltr'><strong>Θεῷ</strong></span> <span class='ocrx_word' id='word_1_65' title='bbox 1088 1062 1185 1132; x_wconf 78' lang='grc' dir='ltr'>τὴν</span> <span class='ocrx_word' id='word_1_66' title='bbox 1223 1062 1581 1133; x_wconf 81' lang='grc' dir='ltr'><strong>προκειμένην</strong></span> <span class='ocrx_word' id='word_1_67' title='bbox 1619 1064 1779 1134; x_wconf 84' lang='grc' dir='ltr'>εὐχὴν</span> <span class='ocrx_word' id='word_1_68' title='bbox 1815 1066 1940 1118; x_wconf 89' lang='grc' dir='ltr'>ἀνα-</span> 
     </span>
    </p>
   </div>
   <div class='ocr_carea' id='block_1_11' title="bbox 408 1151 1939 1222">
    <p class='ocr_par' dir='ltr' id='par_1_11' title="bbox 408 1151 1939 1222">
     <span class='ocr_line' id='line_1_11' title="bbox 408 1151 1939 1222; baseline 0.002 -19"><span class='ocrx_word' id='word_1_69' title='bbox 408 1155 630 1222; x_wconf 82' lang='grc' dir='ltr'><strong>πέμπει.</strong></span> <span class='ocrx_word' id='word_1_70' title='bbox 661 1154 906 1222; x_wconf 78' lang='grc' dir='ltr'>’ᾼσομαι</span> <span class='ocrx_word' id='word_1_71' title='bbox 940 1152 1036 1204; x_wconf 86' lang='grc' dir='ltr'><strong>καί</strong></span> <span class='ocrx_word' id='word_1_72' title='bbox 1075 1151 1247 1219; x_wconf 70' lang='grc' dir='ltr'><em>ψαλῶ</em></span> <span class='ocrx_word' id='word_1_73' title='bbox 1269 1152 1338 1205; x_wconf 83' lang='grc' dir='ltr'><strong>ἐν</strong></span> <span class='ocrx_word' id='word_1_74' title='bbox 1364 1151 1436 1219; x_wconf 73' lang='grc' dir='ltr'><strong>τῇ</strong></span> <span class='ocrx_word' id='word_1_75' title='bbox 1459 1151 1604 1220; x_wconf 81' lang='grc' dir='ltr'><strong>δόξῃ</strong></span> <span class='ocrx_word' id='word_1_76' title='bbox 1626 1171 1743 1221; x_wconf 83' lang='grc' dir='ltr'><strong>μου</strong></span> <span class='ocrx_word' id='word_1_77' title='bbox 1765 1171 1777 1184; x_wconf 93' lang='grc'><strong>·</strong></span> <span class='ocrx_word' id='word_1_78' title='bbox 1808 1157 1939 1208; x_wconf 87' lang='grc' dir='ltr'>ἀπο-</span> 
     </span>
    </p>
   </div>
   <div class='ocr_carea' id='block_1_12' title="bbox 406 1242 1938 1314">
    <p class='ocr_par' dir='ltr' id='par_1_12' title="bbox 406 1242 1938 1314">
     <span class='ocr_line' id='line_1_12' title="bbox 406 1242 1938 1314; baseline 0.002 -20"><span class='ocrx_word' id='word_1_79' title='bbox 406 1243 582 1295; x_wconf 74' lang='grc' dir='ltr'>λαϐὼν</span> <span class='ocrx_word' id='word_1_80' title='bbox 611 1244 707 1312; x_wconf 83' lang='grc' dir='ltr'>τὴν</span> <span class='ocrx_word' id='word_1_81' title='bbox 742 1242 974 1311; x_wconf 75' lang='grc' dir='ltr'>ἐμαυτοῦ</span> <span class='ocrx_word' id='word_1_82' title='bbox 1005 1243 1178 1309; x_wconf 79' lang='grc' dir='ltr'>δόξαν,</span> <span class='ocrx_word' id='word_1_83' title='bbox 1207 1243 1448 1296; x_wconf 80' lang='grc' dir='ltr'><strong>τουτέστι</strong></span> <span class='ocrx_word' id='word_1_84' title='bbox 1480 1242 1575 1312; x_wconf 78' lang='grc' dir='ltr'><strong>τὴν</strong></span> <span class='ocrx_word' id='word_1_85' title='bbox 1604 1244 1938 1314; x_wconf 79' lang='grc' dir='ltr'>προφητικὴν</span> 
     </span>
    </p>
   </div>
   <div class='ocr_carea' id='block_1_13' title="bbox 406 1331 1938 1403">
    <p class='ocr_par' dir='ltr' id='par_1_13' title="bbox 406 1331 1938 1403">
     <span class='ocr_line' id='line_1_13' title="bbox 406 1331 1938 1403; baseline 0.011 -19"><span class='ocrx_word' id='word_1_86' title='bbox 406 1333 581 1403; x_wconf 75' lang='grc' dir='ltr'>χάριν.</span> <span class='ocrx_word' id='word_1_87' title='bbox 622 1331 999 1401; x_wconf 73' lang='grc' dir='ltr'>Ἐξεγέρθητι,</span> <span class='ocrx_word' id='word_1_88' title='bbox 1025 1334 1062 1400; x_wconf 69' lang='grc' dir='ltr'>ἡ</span> <span class='ocrx_word' id='word_1_89' title='bbox 1081 1332 1228 1397; x_wconf 79' lang='grc' dir='ltr'><em>δόξα</em></span> <span class='ocrx_word' id='word_1_90' title='bbox 1250 1350 1387 1401; x_wconf 71' lang='grc' dir='ltr'><strong>μου,</strong></span> <span class='ocrx_word' id='word_1_91' title='bbox 1410 1332 1758 1401; x_wconf 78' lang='grc' dir='ltr'>ἐξεγέρθητι.</span> <span class='ocrx_word' id='word_1_92' title='bbox 1787 1336 1938 1400; x_wconf 73' lang='grc' dir='ltr'><strong>ψαλ-</strong></span> 
     </span>
    </p>
   </div>
   <div class='ocr_carea' id='block_1_14' title="bbox 405 1421 1936 1497">
    <p class='ocr_par' dir='ltr' id='par_1_14' title="bbox 405 1421 1936 1497">
     <span class='ocr_line' id='line_1_14' title="bbox 405 1421 1936 1497; baseline -0.001 -22"><span class='ocrx_word' id='word_1_93' title='bbox 405 1424 605 1490; x_wconf 77' lang='grc' dir='ltr'>τήριον</span> <span class='ocrx_word' id='word_1_94' title='bbox 621 1422 715 1475; x_wconf 75' lang='grc' dir='ltr'><strong>καὶ</strong></span> <span class='ocrx_word' id='word_1_95' title='bbox 742 1422 966 1492; x_wconf 80' lang='grc' dir='ltr'>κιθάρα,</span> <span class='ocrx_word' id='word_1_96' title='bbox 988 1421 1439 1497; x_wconf 68' lang='grc' dir='ltr'>ἐξεγερθήσομιι</span> <span class='ocrx_word' id='word_1_97' title='bbox 1464 1422 1688 1491; x_wconf 80' lang='grc' dir='ltr'>ὄρθρου.</span> <span class='ocrx_word' id='word_1_98' title='bbox 1716 1424 1936 1493; x_wconf 82' lang='grc' dir='ltr'>Μήποτε</span> 
     </span>
    </p>
   </div>
   <div class='ocr_carea' id='block_1_15' title="bbox 403 1515 1936 1586">
    <p class='ocr_par' dir='ltr' id='par_1_15' title="bbox 403 1515 1936 1586">
     <span class='ocr_line' id='line_1_15' title="bbox 403 1515 1936 1586; baseline 0 -18"><span class='ocrx_word' id='word_1_99' title='bbox 403 1517 500 1579; x_wconf 87' lang='grc' dir='ltr'><strong>τάς</strong></span> <span class='ocrx_word' id='word_1_100' title='bbox 541 1516 796 1586; x_wconf 77' lang='grc' dir='ltr'>δυνάμεις</span> <span class='ocrx_word' id='word_1_101' title='bbox 842 1516 938 1586; x_wconf 91' lang='grc' dir='ltr'><strong>τῆς</strong></span> <span class='ocrx_word' id='word_1_102' title='bbox 979 1515 1167 1568; x_wconf 77' lang='grc' dir='ltr'>ἑαυτοῦ</span> <span class='ocrx_word' id='word_1_103' title='bbox 1208 1515 1381 1585; x_wconf 80' lang='grc' dir='ltr'>ψυχῆς</span> <span class='ocrx_word' id='word_1_104' title='bbox 1423 1516 1516 1581; x_wconf 77' lang='grc' dir='ltr'>καὶ</span> <span class='ocrx_word' id='word_1_105' title='bbox 1552 1515 1643 1568; x_wconf 90' lang='grc' dir='ltr'><strong>τοῦ</strong></span> <span class='ocrx_word' id='word_1_106' title='bbox 1691 1515 1936 1586; x_wconf 85' lang='grc' dir='ltr'>σώματος</span> 
     </span>
    </p>
   </div>
   <div class='ocr_carea' id='block_1_16' title="bbox 400 1604 1935 1677">
    <p class='ocr_par' dir='ltr' id='par_1_16' title="bbox 400 1604 1935 1677">
     <span class='ocr_line' id='line_1_16' title="bbox 400 1604 1935 1677; baseline 0 -20"><span class='ocrx_word' id='word_1_107' title='bbox 400 1605 650 1677; x_wconf 81' lang='grc' dir='ltr'><strong>διεγείρει</strong></span> <span class='ocrx_word' id='word_1_108' title='bbox 688 1606 773 1659; x_wconf 73' lang='grc' dir='ltr'>διὰ</span> <span class='ocrx_word' id='word_1_109' title='bbox 808 1606 907 1677; x_wconf 77' lang='grc' dir='ltr'><strong>τὴν</strong></span> <span class='ocrx_word' id='word_1_110' title='bbox 939 1605 1233 1675; x_wconf 84' lang='grc' dir='ltr'>μέλλουσαν</span> <span class='ocrx_word' id='word_1_111' title='bbox 1272 1607 1350 1667; x_wconf 80' lang='grc' dir='ltr'><strong>εἰς</strong></span> <span class='ocrx_word' id='word_1_112' title='bbox 1382 1604 1539 1657; x_wconf 83' lang='grc' dir='ltr'>αὐτὸν</span> <span class='ocrx_word' id='word_1_113' title='bbox 1570 1604 1812 1671; x_wconf 83' lang='grc' dir='ltr'>γενέσθαι</span> <span class='ocrx_word' id='word_1_114' title='bbox 1841 1604 1935 1657; x_wconf 89' lang='grc' dir='ltr'>τοῦ</span> 
     </span>
    </p>
   </div>
   <div class='ocr_carea' id='block_1_17' title="bbox 398 1694 1933 1765">
    <p class='ocr_par' dir='ltr' id='par_1_17' title="bbox 398 1694 1933 1765">
     <span class='ocr_line' id='line_1_17' title="bbox 398 1694 1933 1765; baseline 0.001 -20"><span class='ocrx_word' id='word_1_115' title='bbox 398 1694 544 1747; x_wconf 81' lang='grc' dir='ltr'>θείου</span> <span class='ocrx_word' id='word_1_116' title='bbox 585 1696 891 1765; x_wconf 84' lang='grc' dir='ltr'>Πνεύματος</span> <span class='ocrx_word' id='word_1_117' title='bbox 938 1696 1219 1748; x_wconf 75' lang='grc' dir='ltr'>ἐπίπνοιαν</span> <span class='ocrx_word' id='word_1_118' title='bbox 1238 1712 1251 1725; x_wconf 73' lang='grc' dir='ltr'><strong>ο</strong></span> <span class='ocrx_word' id='word_1_119' title='bbox 1292 1696 1386 1748; x_wconf 80' lang='grc' dir='ltr'>καὶ</span> <span class='ocrx_word' id='word_1_120' title='bbox 1416 1694 1555 1747; x_wconf 89' lang='grc' dir='ltr'><strong>κατά</strong></span> <span class='ocrx_word' id='word_1_121' title='bbox 1584 1694 1813 1748; x_wconf 82' lang='grc' dir='ltr'>διάνοιαν</span> <span class='ocrx_word' id='word_1_122' title='bbox 1839 1695 1933 1763; x_wconf 82' lang='grc' dir='ltr'>μὲν</span> 
     </span>
    </p>
   </div>
   <div class='ocr_carea' id='block_1_18' title="bbox 401 1785 1933 1862">
    <p class='ocr_par' dir='ltr' id='par_1_18' title="bbox 401 1785 1933 1862">
     <span class='ocr_line' id='line_1_18' title="bbox 401 1785 1933 1862; baseline 0.002 -27"><span class='ocrx_word' id='word_1_123' title='bbox 401 1786 840 1854; x_wconf 74' lang='grc' dir='ltr'>ἐκλαμϐανόντων</span> <span class='ocrx_word' id='word_1_124' title='bbox 869 1786 1022 1856; x_wconf 69' lang='grc' dir='ltr'>ἡμῶν</span> <span class='ocrx_word' id='word_1_125' title='bbox 1064 1786 1128 1839; x_wconf 89' lang='grc' dir='ltr'><strong>τά</strong></span> <span class='ocrx_word' id='word_1_126' title='bbox 1171 1786 1307 1856; x_wconf 78' lang='grc' dir='ltr'>μέλη</span> <span class='ocrx_word' id='word_1_127' title='bbox 1348 1786 1438 1839; x_wconf 88' lang='grc' dir='ltr'><strong>τοῦ</strong></span> <span class='ocrx_word' id='word_1_128' title='bbox 1469 1785 1711 1854; x_wconf 88' lang='grc' dir='ltr'>σώματος</span> <span class='ocrx_word' id='word_1_129' title='bbox 1750 1786 1843 1839; x_wconf 69' lang='grc' dir='ltr'>καὶ</span> <span class='ocrx_word' id='word_1_130' title='bbox 1866 1786 1933 1862; x_wconf 86' lang='grc' dir='ltr'><strong>τά</strong></span> 
     </span>
    </p>
   </div>
   <div class='ocr_carea' id='block_1_19' title="bbox 398 1871 1932 1950">
    <p class='ocr_par' dir='ltr' id='par_1_19' title="bbox 398 1871 1932 1950">
     <span class='ocr_line' id='line_1_19' title="bbox 398 1871 1932 1950; baseline 0.004 -25"><span class='ocrx_word' id='word_1_131' title='bbox 398 1875 738 1945; x_wconf 72' lang='grc' dir='ltr'><strong>αἰσθητήρια,</strong></span> <span class='ocrx_word' id='word_1_132' title='bbox 770 1878 835 1929; x_wconf 85' lang='grc' dir='ltr'><strong>δι’</strong></span> <span class='ocrx_word' id='word_1_133' title='bbox 862 1871 936 1931; x_wconf 85' lang='grc' dir='ltr'>ὧν</span> <span class='ocrx_word' id='word_1_134' title='bbox 966 1881 994 1931; x_wconf 86' lang='grc' dir='ltr'>ὁ</span> <span class='ocrx_word' id='word_1_135' title='bbox 1018 1879 1138 1942; x_wconf 82' lang='grc' dir='ltr'><strong>νοῦς</strong></span> <span class='ocrx_word' id='word_1_136' title='bbox 1170 1880 1520 1950; x_wconf 82' lang='grc' dir='ltr'>ἀνακρούεται</span> <span class='ocrx_word' id='word_1_137' title='bbox 1547 1881 1632 1932; x_wconf 85' lang='grc' dir='ltr'><strong>ὅτε</strong></span> <span class='ocrx_word' id='word_1_138' title='bbox 1654 1880 1697 1932; x_wconf 81' lang='grc' dir='ltr'>δ’</span> <span class='ocrx_word' id='word_1_139' title='bbox 1726 1879 1790 1932; x_wconf 79' lang='grc' dir='ltr'>ἂν</span> <span class='ocrx_word' id='word_1_140' title='bbox 1815 1878 1932 1948; x_wconf 84' lang='grc' dir='ltr'>βού-</span> 
     </span>
    </p>
   </div>
   <div class='ocr_carea' id='block_1_20' title="bbox 2046 708 3569 777">
    <p class='ocr_par' dir='ltr' id='par_1_20' title="bbox 2046 708 3569 777">
     <span class='ocr_line' id='line_1_20' title="bbox 2046 708 3569 777; baseline -0.001 -16"><span class='ocrx_word' id='word_1_141' title='bbox 2046 712 2144 777; x_wconf 89' lang='lat' dir='ltr'><strong>ipsi</strong></span> <span class='ocrx_word' id='word_1_142' title='bbox 2177 710 2340 764; x_wconf 88' lang='lat' dir='ltr'><strong>Deum</strong></span> <span class='ocrx_word' id='word_1_143' title='bbox 2379 708 2615 762; x_wconf 78' lang='lat' dir='ltr'><strong>uidebunt</strong></span> <span class='ocrx_word' id='word_1_144' title='bbox 2640 709 2708 771; x_wconf 79' lang='grc'><strong>⁸³,</strong></span> <span class='ocrx_word' id='word_1_145' title='bbox 2740 709 3066 769; x_wconf 80' lang='lat' dir='ltr'><strong>conﬁdenter</strong></span> <span class='ocrx_word' id='word_1_146' title='bbox 3099 709 3242 763; x_wconf 97' lang='lat' dir='ltr'><strong>dicat</strong></span> <span class='ocrx_word' id='word_1_147' title='bbox 3273 726 3284 760; x_wconf 86' lang='lat'>:</span> <span class='ocrx_word' id='word_1_148' title='bbox 3316 708 3569 761; x_wconf 87' lang='lat' dir='ltr'><strong>Paratum</strong></span> 
     </span>
    </p>
   </div>
   <div class='ocr_carea' id='block_1_21' title="bbox 2044 799 3568 869">
    <p class='ocr_par' dir='ltr' id='par_1_21' title="bbox 2044 799 3568 869">
     <span class='ocr_line' id='line_1_21' title="bbox 2044 799 3568 869; baseline -0.001 -15"><span class='ocrx_word' id='word_1_149' title='bbox 2044 818 2133 854; x_wconf 88' lang='lat' dir='ltr'><strong>cor</strong></span> <span class='ocrx_word' id='word_1_150' title='bbox 2179 817 2365 863; x_wconf 83' lang='lat' dir='ltr'><strong>meum,</strong></span> <span class='ocrx_word' id='word_1_151' title='bbox 2417 800 2569 852; x_wconf 87' lang='lat' dir='ltr'><strong>Deus.</strong></span> <span class='ocrx_word' id='word_1_152' title='bbox 2626 799 2888 868; x_wconf 76' lang='lat' dir='ltr'><strong>Propheta</strong></span> <span class='ocrx_word' id='word_1_153' title='bbox 2936 802 3093 869; x_wconf 83' lang='lat' dir='ltr'><strong>igitur</strong></span> <span class='ocrx_word' id='word_1_154' title='bbox 3136 816 3255 853; x_wconf 90' lang='lat' dir='ltr'><strong>cum</strong></span> <span class='ocrx_word' id='word_1_155' title='bbox 3300 816 3395 869; x_wconf 87' lang='lat' dir='ltr'><strong>per</strong></span> <span class='ocrx_word' id='word_1_156' title='bbox 3431 801 3568 853; x_wconf 86' lang='lat' dir='ltr'><strong>bona</strong></span> 
     </span>
    </p>
   </div>
   <div class='ocr_carea' id='block_1_22' title="bbox 2044 889 3569 959">
    <p class='ocr_par' dir='ltr' id='par_1_22' title="bbox 2044 889 3569 959">
     <span class='ocr_line' id='line_1_22' title="bbox 2044 889 3569 959; baseline -0.002 -16"><span class='ocrx_word' id='word_1_157' title='bbox 2044 906 2203 959; x_wconf 83' lang='lat' dir='ltr'><strong>Opera</strong></span> <span class='ocrx_word' id='word_1_158' title='bbox 2233 906 2341 944; x_wconf 92' lang='lat' dir='ltr'><strong>rem</strong></span> <span class='ocrx_word' id='word_1_159' title='bbox 2375 889 2595 958; x_wconf 75' lang='lat' dir='ltr'><strong>Spiritui</strong></span> <span class='ocrx_word' id='word_1_160' title='bbox 2636 898 2825 942; x_wconf 89' lang='lat' dir='ltr'><strong>sancto</strong></span> <span class='ocrx_word' id='word_1_161' title='bbox 2846 896 3049 958; x_wconf 80' lang='lat' dir='ltr'><strong>gratam</strong></span> <span class='ocrx_word' id='word_1_162' title='bbox 3077 900 3129 943; x_wconf 88' lang='lat' dir='ltr'><strong>et</strong></span> <span class='ocrx_word' id='word_1_163' title='bbox 3158 899 3426 957; x_wconf 82' lang='lat' dir='ltr'><strong>acceptam</strong></span> <span class='ocrx_word' id='word_1_164' title='bbox 3451 904 3569 957; x_wconf 85' lang='lat' dir='ltr'><strong>per-</strong></span> 
     </span>
    </p>
   </div>
   <div class='ocr_carea' id='block_1_23' title="bbox 2044 977 3567 1048">
    <p class='ocr_par' dir='ltr' id='par_1_23' title="bbox 2044 977 3567 1048">
     <span class='ocr_line' id='line_1_23' title="bbox 2044 977 3567 1048; baseline -0.003 -15"><span class='ocrx_word' id='word_1_165' title='bbox 2044 979 2278 1041; x_wconf 79' lang='lat' dir='ltr'><strong>fecisset,</strong></span> <span class='ocrx_word' id='word_1_166' title='bbox 2302 979 2484 1031; x_wconf 84' lang='lat' dir='ltr'><strong>talium</strong></span> <span class='ocrx_word' id='word_1_167' title='bbox 2518 977 2753 1048; x_wconf 83' lang='lat' dir='ltr'><strong>largitori</strong></span> <span class='ocrx_word' id='word_1_168' title='bbox 2786 977 2890 1032; x_wconf 90' lang='lat' dir='ltr'><strong>Deo</strong></span> <span class='ocrx_word' id='word_1_169' title='bbox 2928 985 3239 1046; x_wconf 63' lang='lat' dir='ltr'><strong>praesentem</strong></span> <span class='ocrx_word' id='word_1_170' title='bbox 3270 979 3567 1031; x_wconf 83' lang='lat' dir='ltr'><strong>orationem</strong></span> 
     </span>
    </p>
   </div>
   <div class='ocr_carea' id='block_1_24' title="bbox 2040 1068 3564 1138">
    <p class='ocr_par' dir='ltr' id='par_1_24' title="bbox 2040 1068 3564 1138">
     <span class='ocr_line' id='line_1_24' title="bbox 2040 1068 3564 1138; baseline -0.002 -13"><span class='ocrx_word' id='word_1_171' title='bbox 2040 1072 2253 1126; x_wconf 85' lang='lat' dir='ltr'><strong>emittit.</strong></span> <span class='ocrx_word' id='word_1_172' title='bbox 2282 1069 2512 1125; x_wconf 86' lang='lat' dir='ltr'><strong>Cantabo</strong></span> <span class='ocrx_word' id='word_1_173' title='bbox 2546 1082 2595 1123; x_wconf 84' lang='lat' dir='ltr'><strong>et</strong></span> <span class='ocrx_word' id='word_1_174' title='bbox 2624 1070 2849 1138; x_wconf 82' lang='lat' dir='ltr'><strong>psallam</strong></span> <span class='ocrx_word' id='word_1_175' title='bbox 2892 1070 2944 1122; x_wconf 82' lang='lat' dir='ltr'><strong>in</strong></span> <span class='ocrx_word' id='word_1_176' title='bbox 2990 1069 3160 1138; x_wconf 79' lang='lat' dir='ltr'><strong>gloria</strong></span> <span class='ocrx_word' id='word_1_177' title='bbox 3200 1085 3311 1121; x_wconf 86' lang='lat' dir='ltr'><strong>mea</strong></span> <span class='ocrx_word' id='word_1_178' title='bbox 3342 1082 3360 1121; x_wconf 88' lang='lat'><strong><em>:</em></strong></span> <span class='ocrx_word' id='word_1_179' title='bbox 3394 1068 3443 1122; x_wconf 88' lang='lat' dir='ltr'><strong>id</strong></span> <span class='ocrx_word' id='word_1_180' title='bbox 3464 1075 3564 1132; x_wconf 81' lang='lat' dir='ltr'><strong>est,</strong></span> 
     </span>
    </p>
   </div>
   <div class='ocr_carea' id='block_1_25' title="bbox 2041 1143 3590 1233">
    <p class='ocr_par' dir='ltr' id='par_1_25' title="bbox 2041 1143 3590 1233">
     <span class='ocr_line' id='line_1_25' title="bbox 2041 1143 3590 1233; baseline -0.003 -20"><span class='ocrx_word' id='word_1_181' title='bbox 2041 1166 2325 1227; x_wconf 86' lang='lat' dir='ltr'><strong>assumpta.</strong></span> <span class='ocrx_word' id='word_1_182' title='bbox 2354 1158 2522 1233; x_wconf 64' lang='lat' dir='ltr'><strong>gloria</strong></span> <span class='ocrx_word' id='word_1_183' title='bbox 2571 1172 2708 1221; x_wconf 89' lang='lat' dir='ltr'><strong>mea,</strong></span> <span class='ocrx_word' id='word_1_184' title='bbox 2742 1173 2837 1213; x_wconf 89' lang='lat' dir='ltr'><strong>seu</strong></span> <span class='ocrx_word' id='word_1_185' title='bbox 2863 1158 3209 1227; x_wconf 87' lang='lat' dir='ltr'><strong>pr0pbetandi</strong></span> <span class='ocrx_word' id='word_1_186' title='bbox 3238 1157 3424 1227; x_wconf 84' lang='lat' dir='ltr'><strong>gratia.</strong></span> <span class='ocrx_word' id='word_1_187' title='bbox 3458 1143 3590 1210; x_wconf 51' lang='lat' dir='ltr'><strong>Ex:</strong></span> 
     </span>
    </p>
   </div>
   <div class='ocr_carea' id='block_1_26' title="bbox 2040 1241 3566 1317">
    <p class='ocr_par' dir='ltr' id='par_1_26' title="bbox 2040 1241 3566 1317">
     <span class='ocr_line' id='line_1_26' title="bbox 2040 1241 3566 1317; baseline -0.002 -15"><span class='ocrx_word' id='word_1_188' title='bbox 2040 1265 2207 1317; x_wconf 84' lang='lat' dir='ltr'><strong>surge,</strong></span> <span class='ocrx_word' id='word_1_189' title='bbox 2224 1241 2391 1317; x_wconf 82' lang='lat' dir='ltr'><strong>gloria</strong></span> <span class='ocrx_word' id='word_1_190' title='bbox 2422 1265 2555 1311; x_wconf 83' lang='lat' dir='ltr'><strong>mea,</strong></span> <span class='ocrx_word' id='word_1_191' title='bbox 2573 1263 2809 1317; x_wconf 65' lang='lat' dir='ltr'><strong>exsurge,</strong></span> <span class='ocrx_word' id='word_1_192' title='bbox 2838 1247 3205 1316; x_wconf 83' lang='lat' dir='ltr'><strong>psalteriumet</strong></span> <span class='ocrx_word' id='word_1_193' title='bbox 3232 1246 3455 1311; x_wconf 76' lang='lat' dir='ltr'><strong>cithara,</strong></span> <span class='ocrx_word' id='word_1_194' title='bbox 3475 1261 3566 1299; x_wconf 68' lang='lat' dir='ltr'><strong>ex-</strong></span> 
     </span>
    </p>
   </div>
   <div class='ocr_carea' id='block_1_27' title="bbox 2039 1336 3566 1412">
    <p class='ocr_par' dir='ltr' id='par_1_27' title="bbox 2039 1336 3566 1412">
     <span class='ocr_line' id='line_1_27' title="bbox 2039 1336 3566 1412; baseline 0 -21"><span class='ocrx_word' id='word_1_195' title='bbox 2039 1353 2249 1407; x_wconf 76' lang='lat' dir='ltr'><strong>surgant</strong></span> <span class='ocrx_word' id='word_1_196' title='bbox 2276 1337 2526 1412; x_wconf 81' lang='lat' dir='ltr'><strong>diluculo.</strong></span> <span class='ocrx_word' id='word_1_197' title='bbox 2559 1336 2695 1391; x_wconf 88' lang='lat' dir='ltr'><strong>Num</strong></span> <span class='ocrx_word' id='word_1_198' title='bbox 2721 1338 2856 1393; x_wconf 81' lang='lat' dir='ltr'><strong>forte</strong></span> <span class='ocrx_word' id='word_1_199' title='bbox 2892 1336 3083 1391; x_wconf 69' lang='lat' dir='ltr'><strong>anima:</strong></span> <span class='ocrx_word' id='word_1_200' title='bbox 3110 1337 3566 1407; x_wconf 83' lang='lat' dir='ltr'><strong>corporisquesui</strong></span> 
     </span>
    </p>
   </div>
   <div class='ocr_carea' id='block_1_28' title="bbox 2039 1425 3564 1497">
    <p class='ocr_par' dir='ltr' id='par_1_28' title="bbox 2039 1425 3564 1497">
     <span class='ocr_line' id='line_1_28' title="bbox 2039 1425 3564 1497; baseline 0.001 -18"><span class='ocrx_word' id='word_1_201' title='bbox 2039 1428 2181 1483; x_wconf 85' lang='lat' dir='ltr'><strong>vires</strong></span> <span class='ocrx_word' id='word_1_202' title='bbox 2221 1428 2419 1481; x_wconf 81' lang='lat' dir='ltr'><strong>excitat</strong></span> <span class='ocrx_word' id='word_1_203' title='bbox 2460 1428 2530 1481; x_wconf 91' lang='lat' dir='ltr'><strong>ob</strong></span> <span class='ocrx_word' id='word_1_204' title='bbox 2580 1428 2929 1481; x_wconf 77' lang='lat' dir='ltr'><strong>adventuram</strong></span> <span class='ocrx_word' id='word_1_205' title='bbox 2966 1428 3069 1496; x_wconf 85' lang='lat' dir='ltr'><strong>ipsi</strong></span> <span class='ocrx_word' id='word_1_206' title='bbox 3109 1425 3342 1497; x_wconf 87' lang='lat' dir='ltr'><strong>Spiritus</strong></span> <span class='ocrx_word' id='word_1_207' title='bbox 3394 1428 3564 1482; x_wconf 82' lang='lat' dir='ltr'><strong>sancti</strong></span> 
     </span>
    </p>
   </div>
   <div class='ocr_carea' id='block_1_29' title="bbox 2040 1516 3565 1586">
    <p class='ocr_par' dir='ltr' id='par_1_29' title="bbox 2040 1516 3565 1586">
     <span class='ocr_line' id='line_1_29' title="bbox 2040 1516 3565 1586; baseline 0 -17"><span class='ocrx_word' id='word_1_208' title='bbox 2040 1518 2483 1586; x_wconf 87' lang='lat' dir='ltr'><strong>inspirationem;</strong></span> <span class='ocrx_word' id='word_1_209' title='bbox 2516 1518 2587 1570; x_wconf 88' lang='lat' dir='ltr'><strong>ita</strong></span> <span class='ocrx_word' id='word_1_210' title='bbox 2620 1526 2679 1570; x_wconf 91' lang='lat' dir='ltr'><strong>ut</strong></span> <span class='ocrx_word' id='word_1_211' title='bbox 2715 1531 2815 1571; x_wconf 89' lang='lat' dir='ltr'><strong>nos</strong></span> <span class='ocrx_word' id='word_1_212' title='bbox 2850 1516 3114 1586; x_wconf 75' lang='lat' dir='ltr'><strong>spirituali</strong></span> <span class='ocrx_word' id='word_1_213' title='bbox 3157 1533 3304 1572; x_wconf 88' lang='lat' dir='ltr'><strong>more</strong></span> <span class='ocrx_word' id='word_1_214' title='bbox 3330 1517 3565 1571; x_wconf 87' lang='lat' dir='ltr'><strong>membra</strong></span> 
     </span>
    </p>
   </div>
   <div class='ocr_carea' id='block_1_30' title="bbox 2038 1605 3565 1676">
    <p class='ocr_par' dir='ltr' id='par_1_30' title="bbox 2038 1605 3565 1676">
     <span class='ocr_line' id='line_1_30' title="bbox 2038 1605 3565 1676; baseline -0.002 -16"><span class='ocrx_word' id='word_1_215' title='bbox 2038 1607 2277 1675; x_wconf 86' lang='lat' dir='ltr'><strong>corporis</strong></span> <span class='ocrx_word' id='word_1_216' title='bbox 2306 1614 2358 1659; x_wconf 88' lang='lat' dir='ltr'><strong>et</strong></span> <span class='ocrx_word' id='word_1_217' title='bbox 2390 1620 2580 1659; x_wconf 88' lang='lat' dir='ltr'><strong>sensus</strong></span> <span class='ocrx_word' id='word_1_218' title='bbox 2611 1605 2963 1675; x_wconf 76' lang='lat' dir='ltr'><strong>excipiamus,</strong></span> <span class='ocrx_word' id='word_1_219' title='bbox 2991 1607 3187 1676; x_wconf 84' lang='lat' dir='ltr'><strong>quibus</strong></span> <span class='ocrx_word' id='word_1_220' title='bbox 3214 1621 3368 1662; x_wconf 86' lang='lat' dir='ltr'><strong>mens</strong></span> <span class='ocrx_word' id='word_1_221' title='bbox 3392 1621 3565 1675; x_wconf 81' lang='lat' dir='ltr'><strong>quau-</strong></span> 
     </span>
    </p>
   </div>
   <div class='ocr_carea' id='block_1_31' title="bbox 2037 1695 3564 1766">
    <p class='ocr_par' dir='ltr' id='par_1_31' title="bbox 2037 1695 3564 1766">
     <span class='ocr_line' id='line_1_31' title="bbox 2037 1695 3564 1766; baseline -0.003 -16"><span class='ocrx_word' id='word_1_222' title='bbox 2037 1698 2316 1765; x_wconf 89' lang='lat' dir='ltr'><strong>docunque</strong></span> <span class='ocrx_word' id='word_1_223' title='bbox 2348 1695 2575 1749; x_wconf 88' lang='lat' dir='ltr'><strong>voluerit</strong></span> <span class='ocrx_word' id='word_1_224' title='bbox 2600 1696 2843 1763; x_wconf 83' lang='lat' dir='ltr'><strong>pulsatur</strong></span> <span class='ocrx_word' id='word_1_225' title='bbox 2866 1713 2881 1761; x_wconf 90' lang='lat'><strong>;</strong></span> <span class='ocrx_word' id='word_1_226' title='bbox 2914 1697 3219 1766; x_wconf 79' lang='lat' dir='ltr'><strong>psalterium</strong></span> <span class='ocrx_word' id='word_1_227' title='bbox 3245 1712 3372 1751; x_wconf 91' lang='lat' dir='ltr'><strong>vero</strong></span> <span class='ocrx_word' id='word_1_228' title='bbox 3394 1695 3564 1764; x_wconf 83' lang='lat' dir='ltr'><strong>expli-</strong></span> 
     </span>
    </p>
   </div>
   <div class='ocr_carea' id='block_1_32' title="bbox 2037 1786 3562 1854">
    <p class='ocr_par' dir='ltr' id='par_1_32' title="bbox 2037 1786 3562 1854">
     <span class='ocr_line' id='line_1_32' title="bbox 2037 1786 3562 1854; baseline -0.002 -13"><span class='ocrx_word' id='word_1_229' title='bbox 2037 1802 2220 1841; x_wconf 89' lang='lat' dir='ltr'><strong>cemus</strong></span> <span class='ocrx_word' id='word_1_230' title='bbox 2252 1787 2594 1854; x_wconf 87' lang='lat' dir='ltr'><strong>incorporeas</strong></span> <span class='ocrx_word' id='word_1_231' title='bbox 2621 1793 2673 1840; x_wconf 90' lang='lat' dir='ltr'><strong>et</strong></span> <span class='ocrx_word' id='word_1_232' title='bbox 2702 1787 3052 1842; x_wconf 85' lang='lat' dir='ltr'><strong>rationabiles</strong></span> <span class='ocrx_word' id='word_1_233' title='bbox 3090 1786 3280 1840; x_wconf 69' lang='lat' dir='ltr'><strong>animat</strong></span> <span class='ocrx_word' id='word_1_234' title='bbox 3319 1786 3562 1847; x_wconf 84' lang='lat' dir='ltr'><strong>virtutes,</strong></span> 
     </span>
    </p>
   </div>
   <div class='ocr_carea' id='block_1_33' title="bbox 2037 1874 3563 1949">
    <p class='ocr_par' dir='ltr' id='par_1_33' title="bbox 2037 1874 3563 1949">
     <span class='ocr_line' id='line_1_33' title="bbox 2037 1874 3563 1949; baseline -0.004 -17"><span class='ocrx_word' id='word_1_235' title='bbox 2037 1893 2169 1949; x_wconf 88' lang='lat' dir='ltr'><strong>quas</strong></span> <span class='ocrx_word' id='word_1_236' title='bbox 2200 1880 2263 1931; x_wconf 88' lang='lat' dir='ltr'><strong>ad</strong></span> <span class='ocrx_word' id='word_1_237' title='bbox 2290 1876 2521 1947; x_wconf 87' lang='lat' dir='ltr'><strong>Spiritus</strong></span> <span class='ocrx_word' id='word_1_238' title='bbox 2540 1878 2938 1947; x_wconf 80' lang='lat' dir='ltr'><strong>susceptionem</strong></span> <span class='ocrx_word' id='word_1_239' title='bbox 2976 1892 3279 1948; x_wconf 65' lang='lat' dir='ltr'><strong>praeparans</strong></span> <span class='ocrx_word' id='word_1_240' title='bbox 3306 1877 3378 1930; x_wconf 86' lang='lat' dir='ltr'><strong>ait</strong></span> <span class='ocrx_word' id='word_1_241' title='bbox 3405 1895 3419 1931; x_wconf 90' lang='lat'><strong>:</strong></span> <span class='ocrx_word' id='word_1_242' title='bbox 3454 1874 3563 1927; x_wconf 78' lang='lat' dir='ltr'><strong>Ea:-</strong></span> 
     </span>
    </p>
   </div>
   <div class='ocr_carea' id='block_1_34' title="bbox 399 1964 2104 2046">
    <p class='ocr_par' dir='ltr' id='par_1_34' title="bbox 399 1964 2104 2039">
     <span class='ocr_line' id='line_1_34' title="bbox 399 1964 2104 2039; baseline 0.003 -26"><span class='ocrx_word' id='word_1_243' title='bbox 399 1964 579 2033; x_wconf 86' lang='grc' dir='ltr'>ληται·</span> <span class='ocrx_word' id='word_1_244' title='bbox 614 1964 903 2036; x_wconf 78' lang='grc' dir='ltr'>ψαλτήριον</span> <span class='ocrx_word' id='word_1_245' title='bbox 930 1968 987 2020; x_wconf 74' lang='grc' dir='ltr'><strong>δὲ</strong></span> <span class='ocrx_word' id='word_1_246' title='bbox 1012 1968 1107 2030; x_wconf 83' lang='grc' dir='ltr'><strong>τὰς</strong></span> <span class='ocrx_word' id='word_1_247' title='bbox 1133 1969 1449 2039; x_wconf 72' lang='grc' dir='ltr'><strong>ἀσωμάτους</strong></span> <span class='ocrx_word' id='word_1_248' title='bbox 1474 1970 1565 2022; x_wconf 76' lang='grc' dir='ltr'>καὶ</span> <span class='ocrx_word' id='word_1_249' title='bbox 1596 1968 1813 2037; x_wconf 81' lang='grc' dir='ltr'>λογικὰς</span> <span class='ocrx_word' id='word_1_250' title='bbox 1838 1969 1934 2037; x_wconf 86' lang='grc' dir='ltr'><strong>τῆς</strong></span> <span class='ocrx_word' id='word_1_251' title='bbox 1964 1966 2003 2019; x_wconf 87' lang='grc' dir='ltr'><strong>Β</strong></span> <span class='ocrx_word' id='word_1_252' title='bbox 2031 1983 2104 2021; x_wconf 76' lang='lat' dir='ltr'><strong>sui</strong></span> 
     </span>
    </p>
   </div>
   <div class='ocr_carea' id='block_1_35' title="bbox 1867 1964 3572 2046">
    <p class='ocr_par' dir='ltr' id='par_1_35' title="bbox 1867 1965 3572 2046">
     <span class='ocr_line' id='line_1_35' title="bbox 1867 1965 3572 2046; baseline -0.006 -26"><span class='ocrx_word' id='word_1_253' title='bbox 1867 1969 1934 2037; x_wconf 87' lang='grc' dir='ltr'><strong>ῆς</strong></span> <span class='ocrx_word' id='word_1_254' title='bbox 1964 1966 2003 2019; x_wconf 86' lang='grc' dir='ltr'><strong>Β</strong></span> <span class='ocrx_word' id='word_1_255' title='bbox 2031 1983 2199 2035; x_wconf 83' lang='lat' dir='ltr'><strong>surge,</strong></span> <span class='ocrx_word' id='word_1_256' title='bbox 2228 1967 2535 2034; x_wconf 86' lang='lat' dir='ltr'><strong>psalterium</strong></span> <span class='ocrx_word' id='word_1_257' title='bbox 2557 1976 2605 2019; x_wconf 89' lang='lat' dir='ltr'><strong>et</strong></span> <span class='ocrx_word' id='word_1_258' title='bbox 2637 1965 2859 2019; x_wconf 82' lang='lat' dir='ltr'><strong>cithara.</strong></span> <span class='ocrx_word' id='word_1_259' title='bbox 3567 2042 3572 2046; x_wconf 20' lang='lat'><strong>~</strong></span> 
     </span>
    </p>
   </div>
   <div class='ocr_carea' id='block_1_36' title="bbox 395 2051 3562 2128">
    <p class='ocr_par' dir='ltr' id='par_1_36' title="bbox 395 2051 3562 2128">
     <span class='ocr_line' id='line_1_36' title="bbox 395 2051 3562 2128; baseline 0.003 -24"><span class='ocrx_word' id='word_1_260' title='bbox 395 2054 570 2122; x_wconf 74' lang='grc' dir='ltr'>ψυχῆς</span> <span class='ocrx_word' id='word_1_261' title='bbox 611 2053 882 2123; x_wconf 80' lang='grc' dir='ltr'>δυνάμεις,</span> <span class='ocrx_word' id='word_1_262' title='bbox 918 2056 983 2119; x_wconf 77' lang='grc' dir='ltr'>ἃς</span> <span class='ocrx_word' id='word_1_263' title='bbox 1022 2056 1084 2127; x_wconf 82' lang='grc' dir='ltr'><strong>δὴ</strong></span> <span class='ocrx_word' id='word_1_264' title='bbox 1126 2056 1544 2127; x_wconf 77' lang='grc' dir='ltr'>παρασκευάζων</span> <span class='ocrx_word' id='word_1_265' title='bbox 1581 2059 1661 2121; x_wconf 84' lang='grc' dir='ltr'><strong>εἰς</strong></span> <span class='ocrx_word' id='word_1_266' title='bbox 1704 2059 1802 2128; x_wconf 79' lang='grc' dir='ltr'><strong>τήν</strong></span> <span class='ocrx_word' id='word_1_267' title='bbox 1844 2056 1934 2109; x_wconf 90' lang='grc' dir='ltr'><strong>τοῦ</strong></span> <span class='ocrx_word' id='word_1_268' title='bbox 1986 2056 2293 2126; x_wconf 85' lang='grc' dir='ltr'>Πνεύματος</span> <span class='ocrx_word' id='word_1_269' title='bbox 2329 2056 2588 2126; x_wconf 88' lang='grc' dir='ltr'>ὑποδοχήν</span> <span class='ocrx_word' id='word_1_270' title='bbox 2628 2073 2815 2125; x_wconf 82' lang='grc' dir='ltr'>φησιν·</span> <span class='ocrx_word' id='word_1_271' title='bbox 2881 2054 3264 2123; x_wconf 77' lang='grc' dir='ltr'>Ἑξεγέρθητι,</span> <span class='ocrx_word' id='word_1_272' title='bbox 3331 2051 3562 2122; x_wconf 67' lang='grc' dir='ltr'><strong>ψαλτήο</strong></span> 
     </span>
    </p>
   </div>
   <div class='ocr_carea' id='block_1_37' title="bbox 391 2130 1427 2212">
    <p class='ocr_par' dir='ltr' id='par_1_37' title="bbox 391 2130 1427 2212">
     <span class='ocr_line' id='line_1_37' title="bbox 391 2130 1427 2212; baseline -0.001 -15"><span class='ocrx_word' id='word_1_273' title='bbox 391 2161 525 2212; x_wconf 79' lang='grc' dir='ltr'>ριον</span> <span class='ocrx_word' id='word_1_274' title='bbox 550 2144 648 2197; x_wconf 75' lang='grc' dir='ltr'><strong>καὶ</strong></span> <span class='ocrx_word' id='word_1_275' title='bbox 674 2130 881 2212; x_wconf 50' lang='grc' dir='ltr'>κιθάρα</span> <span class='ocrx_word' id='word_1_276' title='bbox 1418 2187 1427 2196; x_wconf 89' lang='grc'><em>.</em></span> 
     </span>
    </p>
   </div>
   <div class='ocr_carea' id='block_1_38' title="bbox 475 2238 1927 2309">
    <p class='ocr_par' dir='ltr' id='par_1_38' title="bbox 475 2238 1927 2309">
     <span class='ocr_line' id='line_1_38' title="bbox 475 2238 1927 2309; baseline 0.001 -19"><span class='ocrx_word' id='word_1_277' title='bbox 475 2238 762 2308; x_wconf 75' lang='grc' dir='ltr'>’Υψώθητι</span> <span class='ocrx_word' id='word_1_278' title='bbox 804 2240 899 2291; x_wconf 74' lang='grc' dir='ltr'><strong>ἐπὶ</strong></span> <span class='ocrx_word' id='word_1_279' title='bbox 937 2240 1075 2305; x_wconf 82' lang='grc' dir='ltr'>τοὺς</span> <span class='ocrx_word' id='word_1_280' title='bbox 1111 2241 1420 2309; x_wconf 80' lang='grc' dir='ltr'>οὐρανοὺς,</span> <span class='ocrx_word' id='word_1_281' title='bbox 1448 2246 1480 2295; x_wconf 88' lang='grc' dir='ltr'><em>ό</em></span> <span class='ocrx_word' id='word_1_282' title='bbox 1519 2243 1682 2309; x_wconf 74' lang='grc' dir='ltr'>Θεὸς,</span> <span class='ocrx_word' id='word_1_283' title='bbox 1708 2242 1801 2296; x_wconf 73' lang='grc' dir='ltr'><strong>καὶ</strong></span> <span class='ocrx_word' id='word_1_284' title='bbox 1830 2240 1927 2294; x_wconf 75' lang='grc' dir='ltr'><strong>ἐπὶ</strong></span> 
     </span>
    </p>
   </div>
   <div class='ocr_carea' id='block_1_39' title="bbox 394 2328 1926 2399">
    <p class='ocr_par' dir='ltr' id='par_1_39' title="bbox 394 2328 1926 2399">
     <span class='ocr_line' id='line_1_39' title="bbox 394 2328 1926 2399; baseline 0.001 -18"><span class='ocrx_word' id='word_1_285' title='bbox 394 2328 596 2384; x_wconf 81' lang='grc' dir='ltr'><em>πᾶσαν</em></span> <span class='ocrx_word' id='word_1_286' title='bbox 619 2330 731 2396; x_wconf 80' lang='grc' dir='ltr'><strong>τὴν</strong></span> <span class='ocrx_word' id='word_1_287' title='bbox 754 2328 870 2397; x_wconf 74' lang='grc' dir='ltr'><strong>γῆν</strong></span> <span class='ocrx_word' id='word_1_288' title='bbox 894 2331 931 2397; x_wconf 80' lang='grc' dir='ltr'><strong><em>ἠ</em></strong></span> <span class='ocrx_word' id='word_1_289' title='bbox 953 2330 1100 2394; x_wconf 81' lang='grc' dir='ltr'><strong>δόξα</strong></span> <span class='ocrx_word' id='word_1_290' title='bbox 1124 2346 1259 2397; x_wconf 89' lang='grc' dir='ltr'>σου,</span> <span class='ocrx_word' id='word_1_291' title='bbox 1284 2331 1439 2398; x_wconf 74' lang='grc' dir='ltr'>ὅπως</span> <span class='ocrx_word' id='word_1_292' title='bbox 1460 2332 1535 2386; x_wconf 80' lang='grc' dir='ltr'><strong>ἂν</strong></span> <span class='ocrx_word' id='word_1_293' title='bbox 1549 2328 1856 2399; x_wconf 79' lang='grc' dir='ltr'>ρυσθῶσιν</span> <span class='ocrx_word' id='word_1_294' title='bbox 1875 2334 1926 2384; x_wconf 83' lang='lat' dir='ltr'><strong>ot</strong></span> 
     </span>
    </p>
   </div>
   <div class='ocr_carea' id='block_1_40' title="bbox 390 2404 1927 2489">
    <p class='ocr_par' dir='ltr' id='par_1_40' title="bbox 390 2404 1927 2489">
     <span class='ocr_line' id='line_1_40' title="bbox 390 2404 1927 2489; baseline 0.001 -18"><span class='ocrx_word' id='word_1_295' title='bbox 390 2420 679 2487; x_wconf 75' lang='grc' dir='ltr'>ἀγαπητοί</span> <span class='ocrx_word' id='word_1_296' title='bbox 708 2435 843 2472; x_wconf 86' lang='grc' dir='ltr'><strong>σου.</strong></span> <span class='ocrx_word' id='word_1_297' title='bbox 871 2419 1075 2473; x_wconf 84' lang='grc' dir='ltr'><strong>Σῶσυν</strong></span> <span class='ocrx_word' id='word_1_298' title='bbox 1100 2420 1174 2489; x_wconf 79' lang='grc' dir='ltr'><strong>τῇ</strong></span> <span class='ocrx_word' id='word_1_299' title='bbox 1198 2404 1363 2489; x_wconf 66' lang='grc' dir='ltr'>δεξιᾷ</span> <span class='ocrx_word' id='word_1_300' title='bbox 1391 2435 1528 2483; x_wconf 85' lang='grc' dir='ltr'><strong>σου,</strong></span> <span class='ocrx_word' id='word_1_301' title='bbox 1554 2421 1650 2474; x_wconf 78' lang='grc' dir='ltr'><strong>καὶ</strong></span> <span class='ocrx_word' id='word_1_302' title='bbox 1679 2420 1927 2473; x_wconf 76' lang='grc' dir='ltr'><strong>ἐπάκου-</strong></span> 
     </span>
    </p>
   </div>
   <div class='ocr_carea' id='block_1_41' title="bbox 393 2497 1920 2577">
    <p class='ocr_par' dir='ltr' id='par_1_41' title="bbox 393 2497 1920 2577">
     <span class='ocr_line' id='line_1_41' title="bbox 393 2497 1920 2577; baseline -0.001 -15"><span class='ocrx_word' id='word_1_303' title='bbox 393 2510 509 2562; x_wconf 84' lang='grc' dir='ltr'><strong>σόν</strong></span> <span class='ocrx_word' id='word_1_304' title='bbox 534 2526 670 2577; x_wconf 83' lang='grc' dir='ltr'>μου.</span> <span class='ocrx_word' id='word_1_305' title='bbox 715 2510 767 2560; x_wconf 91' lang='grc' dir='ltr'><strong><em>Ὁ</em></strong></span> <span class='ocrx_word' id='word_1_306' title='bbox 813 2509 955 2575; x_wconf 85' lang='grc' dir='ltr'>Θεὸς</span> <span class='ocrx_word' id='word_1_307' title='bbox 992 2508 1295 2576; x_wconf 71' lang='grc' dir='ltr'>ἐλάλησεν</span> <span class='ocrx_word' id='word_1_308' title='bbox 1328 2497 1400 2562; x_wconf 70' lang='grc' dir='ltr'><strong>ἐν</strong></span> <span class='ocrx_word' id='word_1_309' title='bbox 1426 2507 1505 2572; x_wconf 81' lang='grc' dir='ltr'><strong>τῷ</strong></span> <span class='ocrx_word' id='word_1_310' title='bbox 1532 2508 1677 2576; x_wconf 77' lang='grc' dir='ltr'><strong>ἁγίῳ</strong></span> <span class='ocrx_word' id='word_1_311' title='bbox 1704 2508 1920 2562; x_wconf 87' lang='grc' dir='ltr'><strong>αὐτοῦ·</strong></span> 
     </span>
    </p>
   </div>
   <div class='ocr_carea' id='block_1_42' title="bbox 404 2597 1927 2667">
    <p class='ocr_par' dir='ltr' id='par_1_42' title="bbox 404 2597 1927 2667">
     <span class='ocr_line' id='line_1_42' title="bbox 404 2597 1927 2667; baseline -0.001 -16"><span class='ocrx_word' id='word_1_312' title='bbox 404 2598 818 2667; x_wconf 75' lang='grc' dir='ltr'>’Υψωθήσομαι</span> <span class='ocrx_word' id='word_1_313' title='bbox 855 2598 951 2651; x_wconf 75' lang='grc' dir='ltr'>καί</span> <span class='ocrx_word' id='word_1_314' title='bbox 979 2597 1248 2666; x_wconf 79' lang='grc' dir='ltr'>ὄιαμεριῶ</span> <span class='ocrx_word' id='word_1_315' title='bbox 1276 2600 1503 2666; x_wconf 84' lang='grc' dir='ltr'>Σίκιμα,</span> <span class='ocrx_word' id='word_1_316' title='bbox 1536 2598 1635 2650; x_wconf 79' lang='grc' dir='ltr'><strong>καί</strong></span> <span class='ocrx_word' id='word_1_317' title='bbox 1660 2597 1773 2665; x_wconf 83' lang='grc' dir='ltr'><strong>τὴν</strong></span> <span class='ocrx_word' id='word_1_318' title='bbox 1802 2615 1927 2651; x_wconf 86' lang='grc' dir='ltr'>κοι-</span> 
     </span>
    </p>
   </div>
   <div class='ocr_carea' id='block_1_43' title="bbox 389 2687 1926 2759">
    <p class='ocr_par' dir='ltr' id='par_1_43' title="bbox 389 2687 1926 2759">
     <span class='ocr_line' id='line_1_43' title="bbox 389 2687 1926 2759; baseline 0 -17"><span class='ocrx_word' id='word_1_319' title='bbox 389 2687 544 2742; x_wconf 74' lang='grc' dir='ltr'><em>λάδα</em></span> <span class='ocrx_word' id='word_1_320' title='bbox 573 2688 689 2741; x_wconf 86' lang='grc' dir='ltr'>τῶν</span> <span class='ocrx_word' id='word_1_321' title='bbox 724 2688 965 2753; x_wconf 79' lang='grc' dir='ltr'><strong>σκηνῶν</strong></span> <span class='ocrx_word' id='word_1_322' title='bbox 1003 2688 1382 2759; x_wconf 81' lang='grc' dir='ltr'>διαμετρήσω.</span> <span class='ocrx_word' id='word_1_323' title='bbox 1421 2688 1662 2741; x_wconf 72' lang='grc' dir='ltr'>’ἱκετεύω</span> <span class='ocrx_word' id='word_1_324' title='bbox 1697 2689 1786 2741; x_wconf 74' lang='grc' dir='ltr'>καὶ</span> <span class='ocrx_word' id='word_1_325' title='bbox 1813 2689 1926 2742; x_wconf 82' lang='grc' dir='ltr'>δέο-</span> 
     </span>
    </p>
   </div>
   <div class='ocr_carea' id='block_1_44' title="bbox 393 2778 1924 2849">
    <p class='ocr_par' dir='ltr' id='par_1_44' title="bbox 393 2778 1924 2849">
     <span class='ocr_line' id='line_1_44' title="bbox 393 2778 1924 2849; baseline 0.001 -18"><span class='ocrx_word' id='word_1_326' title='bbox 393 2796 491 2848; x_wconf 89' lang='grc' dir='ltr'><strong>μαι</strong></span> <span class='ocrx_word' id='word_1_327' title='bbox 529 2780 690 2847; x_wconf 79' lang='grc' dir='ltr'>τάχος</span> <span class='ocrx_word' id='word_1_328' title='bbox 720 2779 993 2847; x_wconf 70' lang='grc' dir='ltr'>ἐπιστῆναι</span> <span class='ocrx_word' id='word_1_329' title='bbox 1022 2778 1120 2847; x_wconf 80' lang='grc' dir='ltr'><strong>τὴν</strong></span> <span class='ocrx_word' id='word_1_330' title='bbox 1150 2780 1323 2848; x_wconf 83' lang='grc' dir='ltr'>χάριν,</span> <span class='ocrx_word' id='word_1_331' title='bbox 1362 2780 1455 2832; x_wconf 79' lang='grc' dir='ltr'>καὶ</span> <span class='ocrx_word' id='word_1_332' title='bbox 1493 2780 1551 2832; x_wconf 83' lang='grc' dir='ltr'>σὲ</span> <span class='ocrx_word' id='word_1_333' title='bbox 1590 2779 1679 2833; x_wconf 83' lang='grc' dir='ltr'>τὸν</span> <span class='ocrx_word' id='word_1_334' title='bbox 1707 2779 1924 2849; x_wconf 77' lang='grc' dir='ltr'>ὕψιστον</span> 
     </span>
    </p>
   </div>
   <div class='ocr_carea' id='block_1_45' title="bbox 389 2869 1924 2940">
    <p class='ocr_par' dir='ltr' id='par_1_45' title="bbox 389 2869 1924 2940">
     <span class='ocr_line' id='line_1_45' title="bbox 389 2869 1924 2940; baseline 0.001 -19"><span class='ocrx_word' id='word_1_335' title='bbox 389 2869 520 2922; x_wconf 82' lang='grc' dir='ltr'>Θεὸν</span> <span class='ocrx_word' id='word_1_336' title='bbox 537 2870 625 2921; x_wconf 81' lang='grc' dir='ltr'>τὸν</span> <span class='ocrx_word' id='word_1_337' title='bbox 649 2870 707 2922; x_wconf 76' lang='grc' dir='ltr'>ὲν</span> <span class='ocrx_word' id='word_1_338' title='bbox 741 2871 849 2931; x_wconf 85' lang='grc' dir='ltr'>τοῖς</span> <span class='ocrx_word' id='word_1_339' title='bbox 872 2869 1113 2940; x_wconf 85' lang='grc' dir='ltr'>οὐρανοῖς</span> <span class='ocrx_word' id='word_1_340' title='bbox 1136 2869 1300 2940; x_wconf 84' lang='grc' dir='ltr'>ύμνού</span> <span class='ocrx_word' id='word_1_341' title='bbox 1309 2887 1463 2939; x_wconf 88' lang='grc' dir='ltr'>μενον</span> <span class='ocrx_word' id='word_1_342' title='bbox 1486 2870 1808 2940; x_wconf 86' lang='grc' dir='ltr'>γνωσθῆναι,</span> <span class='ocrx_word' id='word_1_343' title='bbox 1834 2872 1924 2924; x_wconf 81' lang='grc' dir='ltr'>καὶ</span> 
     </span>
    </p>
   </div>
   <div class='ocr_carea' id='block_1_46' title="bbox 388 2952 1922 3030">
    <p class='ocr_par' dir='ltr' id='par_1_46' title="bbox 388 2952 1922 3030">
     <span class='ocr_line' id='line_1_46' title="bbox 388 2952 1922 3030; baseline 0.002 -21"><span class='ocrx_word' id='word_1_344' title='bbox 388 2959 484 3028; x_wconf 76' lang='grc' dir='ltr'><strong>τήν</strong></span> <span class='ocrx_word' id='word_1_345' title='bbox 525 2952 718 3012; x_wconf 87' lang='grc' dir='ltr'>σαυτοῦ</span> <span class='ocrx_word' id='word_1_346' title='bbox 754 2958 907 3023; x_wconf 82' lang='grc' dir='ltr'>δόξαν</span> <span class='ocrx_word' id='word_1_347' title='bbox 948 2958 1184 3030; x_wconf 77' lang='grc' dir='ltr'>φανερὰν</span> <span class='ocrx_word' id='word_1_348' title='bbox 1228 2960 1444 3030; x_wconf 88' lang='grc' dir='ltr'>ποιῆσαι</span> <span class='ocrx_word' id='word_1_349' title='bbox 1490 2962 1580 3014; x_wconf 66' lang='grc' dir='ltr'><strong>ἐπὶ</strong></span> <span class='ocrx_word' id='word_1_350' title='bbox 1620 2962 1795 3016; x_wconf 74' lang='grc' dir='ltr'>πᾶσαν</span> <span class='ocrx_word' id='word_1_351' title='bbox 1826 2960 1922 3030; x_wconf 81' lang='grc' dir='ltr'>τὴν</span> 
     </span>
    </p>
   </div>
   <div class='ocr_carea' id='block_1_47' title="bbox 344 3047 1921 3121">
    <p class='ocr_par' dir='ltr' id='par_1_47' title="bbox 344 3047 1921 3121">
     <span class='ocr_line' id='line_1_47' title="bbox 344 3047 1921 3121; baseline 0.003 -21"><span class='ocrx_word' id='word_1_352' title='bbox 344 3050 359 3065; x_wconf 91' lang='grc'><strong>⁹</strong></span> <span class='ocrx_word' id='word_1_353' title='bbox 386 3048 506 3118; x_wconf 85' lang='grc' dir='ltr'>γῆν.</span> <span class='ocrx_word' id='word_1_354' title='bbox 537 3047 733 3101; x_wconf 86' lang='grc' dir='ltr'>Τούτου</span> <span class='ocrx_word' id='word_1_355' title='bbox 762 3049 868 3120; x_wconf 90' lang='grc' dir='ltr'><strong>γάρ</strong></span> <span class='ocrx_word' id='word_1_356' title='bbox 901 3051 1207 3120; x_wconf 79' lang='grc' dir='ltr'>γενομένου,</span> <span class='ocrx_word' id='word_1_357' title='bbox 1250 3050 1599 3121; x_wconf 82' lang='grc' dir='ltr'>ρυσθήσονται</span> <span class='ocrx_word' id='word_1_358' title='bbox 1629 3052 1678 3103; x_wconf 81' lang='grc' dir='ltr'>οἰ</span> <span class='ocrx_word' id='word_1_359' title='bbox 1711 3052 1921 3120; x_wconf 80' lang='grc' dir='ltr'>ἀγαπη-</span> 
     </span>
    </p>
   </div>
   <div class='ocr_carea' id='block_1_48' title="bbox 385 3139 1920 3212">
    <p class='ocr_par' dir='ltr' id='par_1_48' title="bbox 385 3139 1920 3212">
     <span class='ocr_line' id='line_1_48' title="bbox 385 3139 1920 3212; baseline 0.003 -23"><span class='ocrx_word' id='word_1_360' title='bbox 385 3139 466 3191; x_wconf 89' lang='grc' dir='ltr'><strong>τοί</strong></span> <span class='ocrx_word' id='word_1_361' title='bbox 494 3156 586 3192; x_wconf 93' lang='grc' dir='ltr'><strong>σου</strong></span> <span class='ocrx_word' id='word_1_362' title='bbox 612 3141 717 3193; x_wconf 76' lang='grc' dir='ltr'><strong>ἀπὺ</strong></span> <span class='ocrx_word' id='word_1_363' title='bbox 740 3141 836 3210; x_wconf 89' lang='grc' dir='ltr'><strong>τῆς</strong></span> <span class='ocrx_word' id='word_1_364' title='bbox 861 3143 1059 3211; x_wconf 76' lang='grc' dir='ltr'>πικρᾶς</span> <span class='ocrx_word' id='word_1_365' title='bbox 1086 3141 1323 3203; x_wconf 79' lang='grc' dir='ltr'>δουλείας</span> <span class='ocrx_word' id='word_1_366' title='bbox 1350 3141 1442 3193; x_wconf 74' lang='grc' dir='ltr'>καὶ</span> <span class='ocrx_word' id='word_1_367' title='bbox 1467 3140 1832 3209; x_wconf 77' lang='grc' dir='ltr'>αἰχμαλωσίας</span> <span class='ocrx_word' id='word_1_368' title='bbox 1855 3143 1920 3212; x_wconf 77' lang='grc' dir='ltr'>ἢν</span> 
     </span>
    </p>
   </div>
   <div class='ocr_carea' id='block_1_49' title="bbox 334 3225 1921 3299">
    <p class='ocr_par' dir='ltr' id='par_1_49' title="bbox 334 3225 1921 3299">
     <span class='ocr_line' id='line_1_49' title="bbox 334 3225 1921 3299; baseline 0.003 -22"><span class='ocrx_word' id='word_1_369' title='bbox 334 3270 338 3277; x_wconf 94' lang='grc'>.</span> <span class='ocrx_word' id='word_1_370' title='bbox 385 3226 708 3280; x_wconf 83' lang='grc' dir='ltr'>πεπόνθασιν</span> <span class='ocrx_word' id='word_1_371' title='bbox 752 3229 1046 3299; x_wconf 80' lang='grc' dir='ltr'>ὑποχείριοι</span> <span class='ocrx_word' id='word_1_372' title='bbox 1086 3230 1381 3298; x_wconf 83' lang='grc' dir='ltr'>γενόμενοι.</span> <span class='ocrx_word' id='word_1_373' title='bbox 1422 3227 1626 3282; x_wconf 83' lang='grc' dir='ltr'><strong>Σῶσον</strong></span> <span class='ocrx_word' id='word_1_374' title='bbox 1652 3225 1726 3295; x_wconf 77' lang='grc' dir='ltr'><strong>τῇ</strong></span> <span class='ocrx_word' id='word_1_375' title='bbox 1755 3227 1921 3294; x_wconf 78' lang='grc' dir='ltr'>δεξιᾷ</span> 
     </span>
    </p>
   </div>
   <div class='ocr_carea' id='block_1_50' title="bbox 380 3317 1919 3388">
    <p class='ocr_par' dir='ltr' id='par_1_50' title="bbox 380 3317 1919 3388">
     <span class='ocr_line' id='line_1_50' title="bbox 380 3317 1919 3388; baseline 0.001 -19"><span class='ocrx_word' id='word_1_376' title='bbox 380 3332 518 3381; x_wconf 86' lang='grc' dir='ltr'><strong>σου,</strong></span> <span class='ocrx_word' id='word_1_377' title='bbox 549 3317 644 3370; x_wconf 84' lang='grc' dir='ltr'><strong>καί</strong></span> <span class='ocrx_word' id='word_1_378' title='bbox 671 3318 1153 3388; x_wconf 77' lang='grc' dir='ltr'><strong>ἐπάκουσόνμου.</strong></span> <span class='ocrx_word' id='word_1_379' title='bbox 1195 3320 1254 3372; x_wconf 85' lang='lat'><strong>&#39;0</strong></span> <span class='ocrx_word' id='word_1_380' title='bbox 1271 3318 1411 3385; x_wconf 82' lang='grc' dir='ltr'>Θεὸς</span> <span class='ocrx_word' id='word_1_381' title='bbox 1431 3318 1729 3385; x_wconf 70' lang='grc' dir='ltr'><strong>ἐλάλησεν</strong></span> <span class='ocrx_word' id='word_1_382' title='bbox 1753 3318 1825 3372; x_wconf 76' lang='grc' dir='ltr'><strong>ἐν</strong></span> <span class='ocrx_word' id='word_1_383' title='bbox 1841 3318 1919 3383; x_wconf 85' lang='grc' dir='ltr'><strong>τῷ</strong></span> 
     </span>
    </p>
   </div>
   <div class='ocr_carea' id='block_1_51' title="bbox 382 3402 1917 3485">
    <p class='ocr_par' dir='ltr' id='par_1_51' title="bbox 382 3402 1917 3485">
     <span class='ocr_line' id='line_1_51' title="bbox 382 3402 1917 3485; baseline 0.006 -26"><span class='ocrx_word' id='word_1_384' title='bbox 382 3406 523 3473; x_wconf 76' lang='grc' dir='ltr'><strong>ἁγίῳ</strong></span> <span class='ocrx_word' id='word_1_385' title='bbox 569 3407 769 3461; x_wconf 82' lang='grc' dir='ltr'><strong>αὑτοῦ.</strong></span> <span class='ocrx_word' id='word_1_386' title='bbox 801 3406 892 3469; x_wconf 85' lang='grc' dir='ltr'>Τίς</span> <span class='ocrx_word' id='word_1_387' title='bbox 918 3402 985 3477; x_wconf 83' lang='grc' dir='ltr'>ἦν</span> <span class='ocrx_word' id='word_1_388' title='bbox 1028 3409 1057 3461; x_wconf 82' lang='grc' dir='ltr'>ὁ</span> <span class='ocrx_word' id='word_1_389' title='bbox 1094 3408 1243 3475; x_wconf 76' lang='grc' dir='ltr'>ἀγιος</span> <span class='ocrx_word' id='word_1_390' title='bbox 1290 3407 1516 3485; x_wconf 49' lang='grc' dir='ltr'>αὑτοῦηῆ</span> <span class='ocrx_word' id='word_1_391' title='bbox 1560 3408 1588 3460; x_wconf 87' lang='grc' dir='ltr'>ὁ</span> <span class='ocrx_word' id='word_1_392' title='bbox 1632 3406 1917 3477; x_wconf 76' lang='grc' dir='ltr'>μονογενὴς</span> 
     </span>
    </p>
   </div>
   <div class='ocr_carea' id='block_1_52' title="bbox 2100 2232 3562 2303">
    <p class='ocr_par' dir='ltr' id='par_1_52' title="bbox 2100 2232 3562 2303">
     <span class='ocr_line' id='line_1_52' title="bbox 2100 2232 3562 2303; baseline 0 -14"><span class='ocrx_word' id='word_1_393' title='bbox 2100 2235 2259 2291; x_wconf 70' lang='lat' dir='ltr'><strong>Vsus.</strong></span> <span class='ocrx_word' id='word_1_394' title='bbox 2296 2235 2328 2288; x_wconf 87' lang='lat'><strong>6</strong></span> <span class='ocrx_word' id='word_1_395' title='bbox 2351 2264 2369 2275; x_wconf 87' lang='lat'><strong>-</strong></span> <span class='ocrx_word' id='word_1_396' title='bbox 2390 2236 2442 2290; x_wconf 91' lang='lat'><strong>8.</strong></span> <span class='ocrx_word' id='word_1_397' title='bbox 2472 2233 2723 2287; x_wconf 71' lang='lat' dir='ltr'><strong>Exaltare</strong></span> <span class='ocrx_word' id='word_1_398' title='bbox 2750 2249 2901 2303; x_wconf 79' lang='lat' dir='ltr'><strong>super</strong></span> <span class='ocrx_word' id='word_1_399' title='bbox 2932 2233 3104 2294; x_wconf 73' lang='lat' dir='ltr'><strong>caelos,</strong></span> <span class='ocrx_word' id='word_1_400' title='bbox 3136 2232 3294 2296; x_wconf 85' lang='lat' dir='ltr'><strong>Deus,</strong></span> <span class='ocrx_word' id='word_1_401' title='bbox 3331 2245 3381 2286; x_wconf 86' lang='lat' dir='ltr'><strong>et</strong></span> <span class='ocrx_word' id='word_1_402' title='bbox 3410 2246 3562 2303; x_wconf 84' lang='lat' dir='ltr'><strong>super</strong></span> 
     </span>
    </p>
   </div>
   <div class='ocr_carea' id='block_1_53' title="bbox 2028 2323 3557 2396">
    <p class='ocr_par' dir='ltr' id='par_1_53' title="bbox 2028 2323 3557 2396">
     <span class='ocr_line' id='line_1_53' title="bbox 2028 2323 3557 2396; baseline 0 -15"><span class='ocrx_word' id='word_1_403' title='bbox 2028 2343 2227 2381; x_wconf 81' lang='lat' dir='ltr'><strong>omnem</strong></span> <span class='ocrx_word' id='word_1_404' title='bbox 2263 2335 2453 2380; x_wconf 86' lang='lat' dir='ltr'><strong>terram</strong></span> <span class='ocrx_word' id='word_1_405' title='bbox 2479 2326 2649 2396; x_wconf 83' lang='lat' dir='ltr'><strong>gloria</strong></span> <span class='ocrx_word' id='word_1_406' title='bbox 2692 2335 2802 2388; x_wconf 89' lang='lat' dir='ltr'><strong>tua,</strong></span> <span class='ocrx_word' id='word_1_407' title='bbox 2833 2335 2889 2377; x_wconf 85' lang='lat' dir='ltr'><strong>ut</strong></span> <span class='ocrx_word' id='word_1_408' title='bbox 2928 2323 3215 2387; x_wconf 50' lang='lat' dir='ltr'><strong>libertmturk</strong></span> <span class='ocrx_word' id='word_1_409' title='bbox 3236 2323 3414 2377; x_wconf 84' lang='lat' dir='ltr'><strong>dilecti</strong></span> <span class='ocrx_word' id='word_1_410' title='bbox 3460 2329 3557 2382; x_wconf 86' lang='lat' dir='ltr'><strong>tui.</strong></span> 
     </span>
    </p>
   </div>
   <div class='ocr_carea' id='block_1_54' title="bbox 2028 2415 3558 2487">
    <p class='ocr_par' dir='ltr' id='par_1_54' title="bbox 2028 2415 3558 2487">
     <span class='ocr_line' id='line_1_54' title="bbox 2028 2415 3558 2487; baseline -0.003 -13"><span class='ocrx_word' id='word_1_411' title='bbox 2028 2418 2239 2474; x_wconf 78' lang='lat' dir='ltr'><strong>Salvum</strong></span> <span class='ocrx_word' id='word_1_412' title='bbox 2267 2419 2350 2487; x_wconf 76' lang='lat' dir='ltr'><strong>[ac</strong></span> <span class='ocrx_word' id='word_1_413' title='bbox 2374 2418 2586 2472; x_wconf 75' lang='lat' dir='ltr'><strong>dextera</strong></span> <span class='ocrx_word' id='word_1_414' title='bbox 2612 2425 2799 2480; x_wconf 49' lang='lat' dir='ltr'><strong>tua,&#39;et</strong></span> <span class='ocrx_word' id='word_1_415' title='bbox 2835 2415 3023 2470; x_wconf 71' lang='lat' dir='ltr'><strong>exaudi</strong></span> <span class='ocrx_word' id='word_1_416' title='bbox 3052 2432 3147 2470; x_wconf 75' lang='lat' dir='ltr'><strong>me.</strong></span> <span class='ocrx_word' id='word_1_417' title='bbox 3191 2415 3325 2470; x_wconf 75' lang='lat' dir='ltr'><strong>Deus</strong></span> <span class='ocrx_word' id='word_1_418' title='bbox 3355 2417 3558 2470; x_wconf 86' lang='lat' dir='ltr'><strong>locutus</strong></span> 
     </span>
    </p>
   </div>
   <div class='ocr_carea' id='block_1_55' title="bbox 2025 2506 3558 2570">
    <p class='ocr_par' dir='ltr' id='par_1_55' title="bbox 2025 2506 3558 2570">
     <span class='ocr_line' id='line_1_55' title="bbox 2025 2506 3558 2570; baseline -0.003 -5"><span class='ocrx_word' id='word_1_419' title='bbox 2025 2522 2101 2565; x_wconf 87' lang='lat' dir='ltr'><strong>est</strong></span> <span class='ocrx_word' id='word_1_420' title='bbox 2129 2513 2181 2565; x_wconf 85' lang='lat' dir='ltr'><strong>in</strong></span> <span class='ocrx_word' id='word_1_421' title='bbox 2211 2520 2387 2565; x_wconf 83' lang='lat' dir='ltr'><strong>sancto</strong></span> <span class='ocrx_word' id='word_1_422' title='bbox 2415 2526 2512 2564; x_wconf 87' lang='lat' dir='ltr'><strong>suo</strong></span> <span class='ocrx_word' id='word_1_423' title='bbox 2533 2524 2551 2561; x_wconf 92' lang='lat'><strong><em>:</em></strong></span> <span class='ocrx_word' id='word_1_424' title='bbox 2586 2508 2868 2562; x_wconf 71' lang='lat' dir='ltr'><strong>Exaltabor</strong></span> <span class='ocrx_word' id='word_1_425' title='bbox 2900 2517 2948 2561; x_wconf 86' lang='lat' dir='ltr'><strong>et</strong></span> <span class='ocrx_word' id='word_1_426' title='bbox 2972 2506 3203 2560; x_wconf 83' lang='lat' dir='ltr'><strong>dividam</strong></span> <span class='ocrx_word' id='word_1_427' title='bbox 3234 2506 3482 2570; x_wconf 80' lang='lat' dir='ltr'><strong>Sichima,</strong></span> <span class='ocrx_word' id='word_1_428' title='bbox 3508 2517 3558 2562; x_wconf 85' lang='lat' dir='ltr'><strong>et</strong></span> 
     </span>
    </p>
   </div>
   <div class='ocr_carea' id='block_1_56' title="bbox 2026 2596 3619 2668">
    <p class='ocr_par' dir='ltr' id='par_1_56' title="bbox 2026 2596 3619 2668">
     <span class='ocr_line' id='line_1_56' title="bbox 2026 2596 3619 2668; baseline -0.004 -12"><span class='ocrx_word' id='word_1_429' title='bbox 2026 2602 2305 2658; x_wconf 79' lang='lat' dir='ltr'><strong>convallem</strong></span> <span class='ocrx_word' id='word_1_430' title='bbox 2329 2599 2777 2655; x_wconf 75' lang='lat' dir='ltr'><strong>tabernaculorum</strong></span> <span class='ocrx_word' id='word_1_431' title='bbox 2801 2598 3063 2652; x_wconf 74' lang='lat' dir='ltr'><strong>dimetiar.</strong></span> <span class='ocrx_word' id='word_1_432' title='bbox 3087 2597 3321 2652; x_wconf 85' lang='lat' dir='ltr'><strong>Obsecro</strong></span> <span class='ocrx_word' id='word_1_433' title='bbox 3351 2612 3571 2668; x_wconf 43' lang='lat' dir='ltr'><strong>precor;</strong></span> <span class='ocrx_word' id='word_1_434' title='bbox 3616 2596 3619 2599; x_wconf 81' lang='grc'><em>’</em></span> 
     </span>
    </p>
   </div>
   <div class='ocr_carea' id='block_1_57' title="bbox 2026 2684 3554 2763">
    <p class='ocr_par' dir='ltr' id='par_1_57' title="bbox 2026 2684 3554 2763">
     <span class='ocr_line' id='line_1_57' title="bbox 2026 2684 3554 2763; baseline -0.007 -16"><span class='ocrx_word' id='word_1_435' title='bbox 2026 2709 2149 2763; x_wconf 89' lang='lat' dir='ltr'><strong>que,</strong></span> <span class='ocrx_word' id='word_1_436' title='bbox 2179 2694 2286 2745; x_wconf 89' lang='lat' dir='ltr'><strong>cito</strong></span> <span class='ocrx_word' id='word_1_437' title='bbox 2314 2690 2501 2745; x_wconf 86' lang='lat' dir='ltr'><strong>adesse</strong></span> <span class='ocrx_word' id='word_1_438' title='bbox 2529 2688 2773 2758; x_wconf 79' lang='lat' dir='ltr'><strong>gratiam,</strong></span> <span class='ocrx_word' id='word_1_439' title='bbox 2806 2700 2909 2755; x_wconf 87' lang='lat' dir='ltr'><strong>qua</strong></span> <span class='ocrx_word' id='word_1_440' title='bbox 2934 2694 2983 2739; x_wconf 89' lang='lat' dir='ltr'><strong>te</strong></span> <span class='ocrx_word' id='word_1_441' title='bbox 3029 2685 3353 2740; x_wconf 83' lang='lat' dir='ltr'><strong>altissimum</strong></span> <span class='ocrx_word' id='word_1_442' title='bbox 3391 2684 3554 2740; x_wconf 86' lang='lat' dir='ltr'><strong>Deum</strong></span> 
     </span>
    </p>
   </div>
   <div class='ocr_carea' id='block_1_58' title="bbox 2026 2770 3558 2842">
    <p class='ocr_par' dir='ltr' id='par_1_58' title="bbox 2026 2770 3558 2842">
     <span class='ocr_line' id='line_1_58' title="bbox 2026 2770 3558 2842; baseline -0.004 -10"><span class='ocrx_word' id='word_1_443' title='bbox 2026 2779 2081 2833; x_wconf 90' lang='lat' dir='ltr'><strong>in</strong></span> <span class='ocrx_word' id='word_1_444' title='bbox 2127 2778 2278 2833; x_wconf 75' lang='lat' dir='ltr'><strong>cmlis</strong></span> <span class='ocrx_word' id='word_1_445' title='bbox 2321 2776 2643 2830; x_wconf 89' lang='lat' dir='ltr'><strong>celebratum</strong></span> <span class='ocrx_word' id='word_1_446' title='bbox 2677 2776 2983 2835; x_wconf 84' lang='lat' dir='ltr'><strong>noscamus,</strong></span> <span class='ocrx_word' id='word_1_447' title='bbox 3015 2780 3070 2826; x_wconf 89' lang='lat' dir='ltr'><strong>et</strong></span> <span class='ocrx_word' id='word_1_448' title='bbox 3114 2770 3280 2840; x_wconf 83' lang='lat' dir='ltr'><strong>gloria</strong></span> <span class='ocrx_word' id='word_1_449' title='bbox 3327 2781 3417 2826; x_wconf 82' lang='lat' dir='ltr'><strong>tua</strong></span> <span class='ocrx_word' id='word_1_450' title='bbox 3462 2787 3558 2842; x_wconf 78' lang='lat' dir='ltr'><strong>per</strong></span> 
     </span>
    </p>
   </div>
   <div class='ocr_carea' id='block_1_59' title="bbox 2024 2859 3564 2930">
    <p class='ocr_par' dir='ltr' id='par_1_59' title="bbox 2024 2859 3564 2930">
     <span class='ocr_line' id='line_1_59' title="bbox 2024 2859 3564 2930; baseline -0.002 -10"><span class='ocrx_word' id='word_1_451' title='bbox 2024 2882 2232 2921; x_wconf 87' lang='lat' dir='ltr'><strong>onmem</strong></span> <span class='ocrx_word' id='word_1_452' title='bbox 2264 2874 2457 2919; x_wconf 87' lang='lat' dir='ltr'><strong>terram</strong></span> <span class='ocrx_word' id='word_1_453' title='bbox 2497 2862 2776 2916; x_wconf 79' lang='lat' dir='ltr'><strong>manifesta</strong></span> <span class='ocrx_word' id='word_1_454' title='bbox 2803 2860 3076 2915; x_wconf 86' lang='lat' dir='ltr'><strong>reddatur.</strong></span> <span class='ocrx_word' id='word_1_455' title='bbox 3112 2859 3222 2914; x_wconf 82' lang='lat' dir='ltr'><strong>Hoc</strong></span> <span class='ocrx_word' id='word_1_456' title='bbox 3244 2860 3387 2916; x_wconf 88' lang='lat' dir='ltr'><strong>enim</strong></span> <span class='ocrx_word' id='word_1_457' title='bbox 3421 2875 3564 2930; x_wconf 64' lang='grc' dir='ltr'>ρει-τ</span> 
     </span>
    </p>
   </div>
   <div class='ocr_carea' id='block_1_60' title="bbox 2025 2952 3557 3023">
    <p class='ocr_par' dir='ltr' id='par_1_60' title="bbox 2025 2952 3557 3023">
     <span class='ocr_line' id='line_1_60' title="bbox 2025 2952 3557 3023; baseline -0.005 -10"><span class='ocrx_word' id='word_1_458' title='bbox 2025 2966 2167 3023; x_wconf 87' lang='lat' dir='ltr'><strong>acto,</strong></span> <span class='ocrx_word' id='word_1_459' title='bbox 2190 2956 2369 3010; x_wconf 89' lang='lat' dir='ltr'><strong>dilecti</strong></span> <span class='ocrx_word' id='word_1_460' title='bbox 2400 2954 2477 3007; x_wconf 89' lang='lat' dir='ltr'><strong>tui</strong></span> <span class='ocrx_word' id='word_1_461' title='bbox 2510 2967 2542 3006; x_wconf 91' lang='lat' dir='ltr'><strong>a</strong></span> <span class='ocrx_word' id='word_1_462' title='bbox 2570 2952 2703 3006; x_wconf 89' lang='lat' dir='ltr'><strong>dura</strong></span> <span class='ocrx_word' id='word_1_463' title='bbox 2740 2952 2995 3007; x_wconf 80' lang='lat' dir='ltr'><strong>servitute</strong></span> <span class='ocrx_word' id='word_1_464' title='bbox 3024 2959 3281 3005; x_wconf 82' lang='lat' dir='ltr'><strong>eruentur</strong></span> <span class='ocrx_word' id='word_1_465' title='bbox 3318 2959 3372 3005; x_wconf 89' lang='lat' dir='ltr'><strong>et</strong></span> <span class='ocrx_word' id='word_1_466' title='bbox 3400 2967 3435 3006; x_wconf 90' lang='lat' dir='ltr'><strong>a</strong></span> <span class='ocrx_word' id='word_1_467' title='bbox 3464 2966 3557 3005; x_wconf 85' lang='lat' dir='ltr'><strong>ca-</strong></span> 
     </span>
    </p>
   </div>
   <div class='ocr_carea' id='block_1_61' title="bbox 2024 3039 3556 3117">
    <p class='ocr_par' dir='ltr' id='par_1_61' title="bbox 2024 3039 3556 3117">
     <span class='ocr_line' id='line_1_61' title="bbox 2024 3039 3556 3117; baseline -0.005 -16"><span class='ocrx_word' id='word_1_468' title='bbox 2024 3047 2258 3117; x_wconf 81' lang='lat' dir='ltr'><strong>ptivitate</strong></span> <span class='ocrx_word' id='word_1_469' title='bbox 2277 3060 2380 3113; x_wconf 88' lang='lat' dir='ltr'><strong>qua</strong></span> <span class='ocrx_word' id='word_1_470' title='bbox 2398 3044 2602 3098; x_wconf 85' lang='lat' dir='ltr'><strong>subacti</strong></span> <span class='ocrx_word' id='word_1_471' title='bbox 2618 3050 2671 3098; x_wconf 91' lang='lat' dir='ltr'><strong>et</strong></span> <span class='ocrx_word' id='word_1_472' title='bbox 2689 3042 2866 3096; x_wconf 79' lang='lat' dir='ltr'><strong>aﬂlicti</strong></span> <span class='ocrx_word' id='word_1_473' title='bbox 2888 3049 3031 3097; x_wconf 83' lang='lat' dir='ltr'><strong>sunt.</strong></span> <span class='ocrx_word' id='word_1_474' title='bbox 3050 3039 3261 3107; x_wconf 81' lang='lat' dir='ltr'><strong>Saluum</strong></span> <span class='ocrx_word' id='word_1_475' title='bbox 3279 3040 3364 3109; x_wconf 76' lang='lat' dir='ltr'><strong>[ac</strong></span> <span class='ocrx_word' id='word_1_476' title='bbox 3383 3041 3556 3103; x_wconf 65' lang='lat' dir='ltr'><strong>dexte-</strong></span> 
     </span>
    </p>
   </div>
   <div class='ocr_carea' id='block_1_62' title="bbox 2023 3131 3550 3196">
    <p class='ocr_par' dir='ltr' id='par_1_62' title="bbox 2023 3131 3550 3196">
     <span class='ocr_line' id='line_1_62' title="bbox 2023 3131 3550 3196; baseline -0.003 -7"><span class='ocrx_word' id='word_1_477' title='bbox 2023 3154 2084 3189; x_wconf 91' lang='lat' dir='ltr'><strong>ra</strong></span> <span class='ocrx_word' id='word_1_478' title='bbox 2124 3147 2233 3196; x_wconf 87' lang='lat' dir='ltr'><strong>tua,</strong></span> <span class='ocrx_word' id='word_1_479' title='bbox 2256 3144 2305 3187; x_wconf 88' lang='lat' dir='ltr'><strong>et</strong></span> <span class='ocrx_word' id='word_1_480' title='bbox 2329 3131 2519 3195; x_wconf 69' lang='lat' dir='ltr'><strong>mutili</strong></span> <span class='ocrx_word' id='word_1_481' title='bbox 2550 3150 2646 3185; x_wconf 88' lang='lat' dir='ltr'><strong>me.</strong></span> <span class='ocrx_word' id='word_1_482' title='bbox 2677 3131 2813 3186; x_wconf 88' lang='lat' dir='ltr'><strong>Deus</strong></span> <span class='ocrx_word' id='word_1_483' title='bbox 2839 3132 3036 3185; x_wconf 82' lang='lat' dir='ltr'><strong>locutus</strong></span> <span class='ocrx_word' id='word_1_484' title='bbox 3065 3140 3140 3185; x_wconf 87' lang='lat' dir='ltr'><strong>est</strong></span> <span class='ocrx_word' id='word_1_485' title='bbox 3160 3132 3213 3183; x_wconf 85' lang='lat' dir='ltr'><strong>in</strong></span> <span class='ocrx_word' id='word_1_486' title='bbox 3233 3139 3411 3184; x_wconf 81' lang='lat' dir='ltr'><strong>sancto</strong></span> <span class='ocrx_word' id='word_1_487' title='bbox 3435 3144 3550 3184; x_wconf 87' lang='lat' dir='ltr'><strong>suo.</strong></span> 
     </span>
    </p>
   </div>
   <div class='ocr_carea' id='block_1_63' title="bbox 2021 3215 3553 3291">
    <p class='ocr_par' dir='ltr' id='par_1_63' title="bbox 2021 3215 3553 3291">
     <span class='ocr_line' id='line_1_63' title="bbox 2021 3215 3553 3291; baseline -0.004 -12"><span class='ocrx_word' id='word_1_488' title='bbox 2021 3226 2153 3291; x_wconf 84' lang='lat' dir='ltr'><strong>Quis</strong></span> <span class='ocrx_word' id='word_1_489' title='bbox 2198 3234 2312 3279; x_wconf 90' lang='lat' dir='ltr'><strong>erat</strong></span> <span class='ocrx_word' id='word_1_490' title='bbox 2353 3232 2572 3279; x_wconf 86' lang='lat' dir='ltr'><strong>sanctus</strong></span> <span class='ocrx_word' id='word_1_491' title='bbox 2616 3222 2707 3276; x_wconf 90' lang='lat' dir='ltr'><strong>Dei</strong></span> <span class='ocrx_word' id='word_1_492' title='bbox 2750 3222 2852 3275; x_wconf 88' lang='lat' dir='ltr'><strong>nisi</strong></span> <span class='ocrx_word' id='word_1_493' title='bbox 2896 3220 3063 3276; x_wconf 79' lang='lat' dir='ltr'><strong>Filius</strong></span> <span class='ocrx_word' id='word_1_494' title='bbox 3101 3215 3428 3289; x_wconf 73' lang='lat' dir='ltr'><strong>unig&#39;enitus,</strong></span> <span class='ocrx_word' id='word_1_495' title='bbox 3459 3220 3553 3289; x_wconf 89' lang='lat' dir='ltr'><strong>qui</strong></span> 
     </span>
    </p>
   </div>
   <div class='ocr_carea' id='block_1_64' title="bbox 2021 3307 3552 3379">
    <p class='ocr_par' dir='ltr' id='par_1_64' title="bbox 2021 3307 3552 3379">
     <span class='ocr_line' id='line_1_64' title="bbox 2021 3307 3552 3379; baseline -0.002 -12"><span class='ocrx_word' id='word_1_496' title='bbox 2021 3332 2143 3372; x_wconf 88' lang='lat' dir='ltr'><strong>vere</strong></span> <span class='ocrx_word' id='word_1_497' title='bbox 2170 3322 2390 3369; x_wconf 90' lang='lat' dir='ltr'><strong>sanctus</strong></span> <span class='ocrx_word' id='word_1_498' title='bbox 2418 3321 2471 3368; x_wconf 87' lang='lat' dir='ltr'><strong>et</strong></span> <span class='ocrx_word' id='word_1_499' title='bbox 2503 3313 2729 3367; x_wconf 88' lang='lat' dir='ltr'><strong>dilectus</strong></span> <span class='ocrx_word' id='word_1_500' title='bbox 2766 3318 2849 3365; x_wconf 86' lang='lat' dir='ltr'><strong>est</strong></span> <span class='ocrx_word' id='word_1_501' title='bbox 2884 3330 2895 3363; x_wconf 89' lang='lat'>:</span> <span class='ocrx_word' id='word_1_502' title='bbox 2928 3326 3021 3379; x_wconf 89' lang='lat' dir='ltr'><strong>per</strong></span> <span class='ocrx_word' id='word_1_503' title='bbox 3051 3325 3211 3379; x_wconf 84' lang='lat' dir='ltr'><strong>quem</strong></span> <span class='ocrx_word' id='word_1_504' title='bbox 3237 3307 3377 3363; x_wconf 86' lang='lat' dir='ltr'><strong>Deus</strong></span> <span class='ocrx_word' id='word_1_505' title='bbox 3419 3308 3552 3376; x_wconf 82' lang='lat' dir='ltr'><strong>ipsis</strong></span> 
     </span>
    </p>
   </div>
   <div class='ocr_carea' id='block_1_65' title="bbox 2022 3394 3552 3473">
    <p class='ocr_par' dir='ltr' id='par_1_65' title="bbox 2022 3394 3552 3473">
     <span class='ocr_line' id='line_1_65' title="bbox 2022 3394 3552 3473; baseline -0.007 -14"><span class='ocrx_word' id='word_1_506' title='bbox 2022 3406 2087 3459; x_wconf 86' lang='lat' dir='ltr'><strong>ad</strong></span> <span class='ocrx_word' id='word_1_507' title='bbox 2116 3404 2478 3473; x_wconf 83' lang='lat' dir='ltr'><strong>supradictam</strong></span> <span class='ocrx_word' id='word_1_508' title='bbox 2506 3401 2820 3464; x_wconf 86' lang='lat' dir='ltr'><strong>orationem,</strong></span> <span class='ocrx_word' id='word_1_509' title='bbox 2848 3413 2965 3466; x_wconf 82' lang='lat' dir='ltr'><strong>qua:</strong></span> <span class='ocrx_word' id='word_1_510' title='bbox 2988 3397 3066 3452; x_wconf 83' lang='lat' dir='ltr'><strong>sic</strong></span> <span class='ocrx_word' id='word_1_511' title='bbox 3090 3398 3245 3452; x_wconf 85' lang='lat' dir='ltr'><strong>habet</strong></span> <span class='ocrx_word' id='word_1_512' title='bbox 3267 3415 3280 3451; x_wconf 87' lang='lat'><strong>:</strong></span> <span class='ocrx_word' id='word_1_513' title='bbox 3300 3394 3552 3449; x_wconf 75' lang='lat' dir='ltr'><strong>Ezaltare</strong></span> 
     </span>
    </p>
   </div>
   <div class='ocr_carea' id='block_1_66' title="bbox 384 3486 2089 3567">
    <p class='ocr_par' dir='ltr' id='par_1_66' title="bbox 384 3490 2089 3567">
     <span class='ocr_line' id='line_1_66' title="bbox 384 3490 2089 3567; baseline 0.001 -20"><span class='ocrx_word' id='word_1_514' title='bbox 384 3496 535 3560; x_wconf 83' lang='grc' dir='ltr'>Παῖς,</span> <span class='ocrx_word' id='word_1_515' title='bbox 568 3500 595 3557; x_wconf 71' lang='grc' dir='ltr'>ὁ</span> <span class='ocrx_word' id='word_1_516' title='bbox 635 3496 707 3548; x_wconf 84' lang='grc' dir='ltr'>ὢν</span> <span class='ocrx_word' id='word_1_517' title='bbox 752 3496 960 3566; x_wconf 85' lang='grc' dir='ltr'>ἀληθῶς</span> <span class='ocrx_word' id='word_1_518' title='bbox 998 3497 1149 3565; x_wconf 77' lang='grc' dir='ltr'>ἅγιος</span> <span class='ocrx_word' id='word_1_519' title='bbox 1185 3498 1275 3550; x_wconf 83' lang='grc' dir='ltr'>καὶ</span> <span class='ocrx_word' id='word_1_520' title='bbox 1304 3498 1598 3567; x_wconf 84' lang='grc' dir='ltr'>ἀγαπητὸς,</span> <span class='ocrx_word' id='word_1_521' title='bbox 1628 3500 1695 3550; x_wconf 82' lang='grc' dir='ltr'>δι’</span> <span class='ocrx_word' id='word_1_522' title='bbox 1732 3490 1791 3549; x_wconf 74' lang='grc' dir='ltr'><strong>οὗ</strong></span> <span class='ocrx_word' id='word_1_523' title='bbox 1815 3498 1911 3567; x_wconf 77' lang='grc' dir='ltr'>τὴν</span> <span class='ocrx_word' id='word_1_524' title='bbox 1939 3502 1979 3556; x_wconf 79' lang='lat' dir='ltr'><strong><em>C</em></strong></span> <span class='ocrx_word' id='word_1_525' title='bbox 2012 3511 2089 3563; x_wconf 66' lang='lat' dir='ltr'><strong>sus</strong></span> 
     </span>
    </p>
   </div>
   <div class='ocr_carea' id='block_1_67' title="bbox 1845 3486 3550 3567">
    <p class='ocr_par' dir='ltr' id='par_1_67' title="bbox 1848 3486 3550 3567">
     <span class='ocr_line' id='line_1_67' title="bbox 1848 3486 3550 3567; baseline -0.006 -17"><span class='ocrx_word' id='word_1_526' title='bbox 1848 3498 1911 3567; x_wconf 76' lang='grc' dir='ltr'>ὴν</span> <span class='ocrx_word' id='word_1_527' title='bbox 1939 3502 1979 3556; x_wconf 79' lang='lat' dir='ltr'><strong><em>C</em></strong></span> <span class='ocrx_word' id='word_1_528' title='bbox 2012 3510 2160 3563; x_wconf 78' lang='lat' dir='ltr'><strong>super</strong></span> <span class='ocrx_word' id='word_1_529' title='bbox 2189 3492 2359 3556; x_wconf 80' lang='lat' dir='ltr'><strong>caelos,</strong></span> <span class='ocrx_word' id='word_1_530' title='bbox 2396 3491 2555 3553; x_wconf 84' lang='lat' dir='ltr'><strong>Deus,</strong></span> <span class='ocrx_word' id='word_1_531' title='bbox 2595 3489 2896 3557; x_wconf 85' lang='lat' dir='ltr'><strong>respondet,</strong></span> <span class='ocrx_word' id='word_1_532' title='bbox 2941 3487 3265 3551; x_wconf 71' lang='lat' dir='ltr'><strong>Eaaltabor;</strong></span> <span class='ocrx_word' id='word_1_533' title='bbox 3308 3486 3378 3541; x_wconf 88' lang='lat' dir='ltr'><strong>ad</strong></span> <span class='ocrx_word' id='word_1_534' title='bbox 3420 3486 3550 3541; x_wconf 89' lang='lat' dir='ltr'><strong>illud</strong></span> 
     </span>
    </p>
   </div>
   <div class='ocr_carea' id='block_1_68' title="bbox 379 3586 1917 3659">
    <p class='ocr_par' dir='ltr' id='par_1_68' title="bbox 379 3586 1917 3659">
     <span class='ocr_line' id='line_1_68' title="bbox 379 3586 1917 3659; baseline 0.001 -20"><span class='ocrx_word' id='word_1_535' title='bbox 379 3586 664 3657; x_wconf 75' lang='grc' dir='ltr'>ἀπόκρισιν</span> <span class='ocrx_word' id='word_1_536' title='bbox 690 3587 975 3656; x_wconf 75' lang='grc' dir='ltr'>ἐποιήσατο</span> <span class='ocrx_word' id='word_1_537' title='bbox 996 3587 1129 3657; x_wconf 80' lang='grc' dir='ltr'>πρὸς</span> <span class='ocrx_word' id='word_1_538' title='bbox 1155 3588 1251 3657; x_wconf 82' lang='grc' dir='ltr'><strong>τὴν</strong></span> <span class='ocrx_word' id='word_1_539' title='bbox 1270 3587 1615 3642; x_wconf 78' lang='grc' dir='ltr'>ἀποδοθεῖσαν</span> <span class='ocrx_word' id='word_1_540' title='bbox 1642 3589 1800 3659; x_wconf 80' lang='grc' dir='ltr'>εὐχὴν</span> <span class='ocrx_word' id='word_1_541' title='bbox 1822 3591 1917 3641; x_wconf 84' lang='grc' dir='ltr'>αύ-</span> 
     </span>
    </p>
   </div>
   <div class='ocr_carea' id='block_1_69' title="bbox 378 3674 1911 3749">
    <p class='ocr_par' dir='ltr' id='par_1_69' title="bbox 378 3674 1911 3749">
     <span class='ocr_line' id='line_1_69' title="bbox 378 3674 1911 3749; baseline 0.002 -20"><span class='ocrx_word' id='word_1_542' title='bbox 378 3679 488 3738; x_wconf 81' lang='grc' dir='ltr'>τοῖς</span> <span class='ocrx_word' id='word_1_543' title='bbox 516 3679 545 3728; x_wconf 86' lang='grc' dir='ltr'>ὁ</span> <span class='ocrx_word' id='word_1_544' title='bbox 571 3675 729 3739; x_wconf 83' lang='grc' dir='ltr'>Θεός·</span> <span class='ocrx_word' id='word_1_545' title='bbox 762 3677 893 3746; x_wconf 82' lang='grc' dir='ltr'>πρὸς</span> <span class='ocrx_word' id='word_1_546' title='bbox 924 3678 1020 3747; x_wconf 86' lang='grc' dir='ltr'>μὲν</span> <span class='ocrx_word' id='word_1_547' title='bbox 1053 3674 1145 3730; x_wconf 85' lang='grc' dir='ltr'><strong>οὖν</strong></span> <span class='ocrx_word' id='word_1_548' title='bbox 1184 3676 1281 3747; x_wconf 79' lang='grc' dir='ltr'>τὴν</span> <span class='ocrx_word' id='word_1_549' title='bbox 1320 3678 1482 3748; x_wconf 83' lang='grc' dir='ltr'>εὐχὴν</span> <span class='ocrx_word' id='word_1_550' title='bbox 1517 3679 1613 3749; x_wconf 82' lang='grc' dir='ltr'>τὴν</span> <span class='ocrx_word' id='word_1_551' title='bbox 1638 3681 1911 3748; x_wconf 87' lang='grc' dir='ltr'>φήσασαν·</span> 
     </span>
    </p>
   </div>
   <div class='ocr_carea' id='block_1_70' title="bbox 390 3764 1916 3837">
    <p class='ocr_par' dir='ltr' id='par_1_70' title="bbox 390 3764 1916 3837">
     <span class='ocr_line' id='line_1_70' title="bbox 390 3764 1916 3837; baseline 0.002 -19"><span class='ocrx_word' id='word_1_552' title='bbox 390 3764 677 3833; x_wconf 71' lang='grc' dir='ltr'>’Υψιώθητι</span> <span class='ocrx_word' id='word_1_553' title='bbox 702 3766 799 3818; x_wconf 75' lang='grc' dir='ltr'><strong>ἐπὶ</strong></span> <span class='ocrx_word' id='word_1_554' title='bbox 818 3768 955 3833; x_wconf 85' lang='grc' dir='ltr'>τοὺς</span> <span class='ocrx_word' id='word_1_555' title='bbox 987 3766 1296 3833; x_wconf 80' lang='grc' dir='ltr'>οὐρανοὺς,</span> <span class='ocrx_word' id='word_1_556' title='bbox 1326 3769 1359 3819; x_wconf 82' lang='grc' dir='ltr'><em>ὀ</em></span> <span class='ocrx_word' id='word_1_557' title='bbox 1388 3766 1550 3832; x_wconf 77' lang='grc' dir='ltr'>Θεὸς.</span> <span class='ocrx_word' id='word_1_558' title='bbox 1571 3768 1916 3837; x_wconf 80' lang='grc' dir='ltr'>ἀποκρίνεται</span> 
     </span>
    </p>
   </div>
   <div class='ocr_carea' id='block_1_71' title="bbox 378 3853 1917 3925">
    <p class='ocr_par' dir='ltr' id='par_1_71' title="bbox 378 3853 1917 3925">
     <span class='ocr_line' id='line_1_71' title="bbox 378 3853 1917 3925; baseline 0.002 -19"><span class='ocrx_word' id='word_1_559' title='bbox 378 3854 565 3920; x_wconf 77' lang='grc' dir='ltr'>λέγων,</span> <span class='ocrx_word' id='word_1_560' title='bbox 604 3853 1035 3924; x_wconf 51' lang='grc' dir='ltr'><strong>’Υψωθήσομαω</strong></span> <span class='ocrx_word' id='word_1_561' title='bbox 1067 3855 1200 3925; x_wconf 79' lang='grc' dir='ltr'>πρὸς</span> <span class='ocrx_word' id='word_1_562' title='bbox 1225 3854 1282 3907; x_wconf 83' lang='grc' dir='ltr'><strong>δὲ</strong></span> <span class='ocrx_word' id='word_1_563' title='bbox 1323 3856 1411 3908; x_wconf 88' lang='grc' dir='ltr'><strong>τό·</strong></span> <span class='ocrx_word' id='word_1_564' title='bbox 1446 3856 1553 3910; x_wconf 70' lang='grc' dir='ltr'><strong>Καὶ</strong></span> <span class='ocrx_word' id='word_1_565' title='bbox 1586 3856 1681 3910; x_wconf 72' lang='grc' dir='ltr'><strong>ἐπὶ</strong></span> <span class='ocrx_word' id='word_1_566' title='bbox 1716 3856 1917 3912; x_wconf 81' lang='grc' dir='ltr'><em>πᾶσαν</em></span> 
     </span>
    </p>
   </div>
   <div class='ocr_carea' id='block_1_72' title="bbox 376 3943 1915 4014">
    <p class='ocr_par' dir='ltr' id='par_1_72' title="bbox 376 3943 1915 4014">
     <span class='ocr_line' id='line_1_72' title="bbox 376 3943 1915 4014; baseline 0.002 -18"><span class='ocrx_word' id='word_1_567' title='bbox 376 3943 490 4013; x_wconf 81' lang='grc' dir='ltr'><strong>τὴν</strong></span> <span class='ocrx_word' id='word_1_568' title='bbox 526 3943 641 4014; x_wconf 69' lang='grc' dir='ltr'><strong>γῆν</strong></span> <span class='ocrx_word' id='word_1_569' title='bbox 682 3948 720 4012; x_wconf 74' lang='grc' dir='ltr'>ἡ</span> <span class='ocrx_word' id='word_1_570' title='bbox 762 3944 907 4010; x_wconf 79' lang='grc' dir='ltr'><strong>δόξα</strong></span> <span class='ocrx_word' id='word_1_571' title='bbox 940 3962 1074 4009; x_wconf 87' lang='grc' dir='ltr'>σου,</span> <span class='ocrx_word' id='word_1_572' title='bbox 1108 3945 1263 3999; x_wconf 84' lang='grc' dir='ltr'>πάλιν</span> <span class='ocrx_word' id='word_1_573' title='bbox 1300 3945 1642 4013; x_wconf 86' lang='grc' dir='ltr'>ἀποκρίνεται</span> <span class='ocrx_word' id='word_1_574' title='bbox 1681 3946 1749 3999; x_wconf 91' lang='grc' dir='ltr'><strong>τά</strong></span> <span class='ocrx_word' id='word_1_575' title='bbox 1788 3948 1915 3999; x_wconf 80' lang='grc' dir='ltr'>ἀκό-</span> 
     </span>
    </p>
   </div>
   <div class='ocr_carea' id='block_1_73' title="bbox 377 4029 1915 4099">
    <p class='ocr_par' dir='ltr' id='par_1_73' title="bbox 377 4029 1915 4099">
     <span class='ocr_line' id='line_1_73' title="bbox 377 4029 1915 4099; baseline -0.001 -15"><span class='ocrx_word' id='word_1_576' title='bbox 377 4032 535 4085; x_wconf 88' lang='grc' dir='ltr'>λουθα</span> <span class='ocrx_word' id='word_1_577' title='bbox 562 4032 667 4086; x_wconf 82' lang='grc' dir='ltr'>ἀπὸ</span> <span class='ocrx_word' id='word_1_578' title='bbox 706 4032 817 4094; x_wconf 89' lang='grc' dir='ltr'>τοῦ,</span> <span class='ocrx_word' id='word_1_579' title='bbox 857 4030 1260 4099; x_wconf 78' lang='grc' dir='ltr'>Ὑψωθήσομαι</span> <span class='ocrx_word' id='word_1_580' title='bbox 1282 4029 1378 4081; x_wconf 72' lang='grc' dir='ltr'>καί</span> <span class='ocrx_word' id='word_1_581' title='bbox 1400 4029 1669 4097; x_wconf 80' lang='grc' dir='ltr'>διαμεριῶ</span> <span class='ocrx_word' id='word_1_582' title='bbox 1687 4033 1915 4099; x_wconf 80' lang='grc' dir='ltr'>Σίκιμα,</span> 
     </span>
    </p>
   </div>
   <div class='ocr_carea' id='block_1_74' title="bbox 375 4116 1915 4190">
    <p class='ocr_par' dir='ltr' id='par_1_74' title="bbox 375 4116 1915 4190">
     <span class='ocr_line' id='line_1_74' title="bbox 375 4116 1915 4190; baseline -0.003 -13"><span class='ocrx_word' id='word_1_583' title='bbox 375 4124 471 4177; x_wconf 70' lang='grc' dir='ltr'>καί</span> <span class='ocrx_word' id='word_1_584' title='bbox 494 4121 606 4189; x_wconf 79' lang='grc' dir='ltr'><strong>τὴν</strong></span> <span class='ocrx_word' id='word_1_585' title='bbox 632 4121 875 4176; x_wconf 74' lang='grc' dir='ltr'><em>κοιλάδα</em></span> <span class='ocrx_word' id='word_1_586' title='bbox 892 4118 1009 4173; x_wconf 82' lang='grc' dir='ltr'><strong>τῶν</strong></span> <span class='ocrx_word' id='word_1_587' title='bbox 1031 4116 1272 4185; x_wconf 79' lang='grc' dir='ltr'><em>σκηνῶν</em></span> <span class='ocrx_word' id='word_1_588' title='bbox 1294 4118 1678 4186; x_wconf 80' lang='grc' dir='ltr'>διαμετρήσω.</span> <span class='ocrx_word' id='word_1_589' title='bbox 1704 4121 1915 4190; x_wconf 88' lang='grc' dir='ltr'>Ταύτην</span> 
     </span>
    </p>
   </div>
   <div class='ocr_carea' id='block_1_75' title="bbox 374 4206 1911 4278">
    <p class='ocr_par' dir='ltr' id='par_1_75' title="bbox 374 4206 1911 4278">
     <span class='ocr_line' id='line_1_75' title="bbox 374 4206 1911 4278; baseline -0.001 -16"><span class='ocrx_word' id='word_1_590' title='bbox 374 4211 568 4271; x_wconf 80' lang='grc' dir='ltr'>τοίνυν,</span> <span class='ocrx_word' id='word_1_591' title='bbox 602 4209 752 4278; x_wconf 81' lang='grc' dir='ltr'>φησὶ,</span> <span class='ocrx_word' id='word_1_592' title='bbox 784 4209 881 4276; x_wconf 83' lang='grc' dir='ltr'>τὴν</span> <span class='ocrx_word' id='word_1_593' title='bbox 921 4207 1157 4269; x_wconf 83' lang='grc' dir='ltr'>κοιλάδα,</span> <span class='ocrx_word' id='word_1_594' title='bbox 1184 4206 1425 4259; x_wconf 80' lang='grc' dir='ltr'>τουτέστι</span> <span class='ocrx_word' id='word_1_595' title='bbox 1453 4207 1630 4258; x_wconf 81' lang='grc' dir='ltr'>πᾶσαν</span> <span class='ocrx_word' id='word_1_596' title='bbox 1672 4207 1767 4276; x_wconf 83' lang='grc' dir='ltr'>τὴν</span> <span class='ocrx_word' id='word_1_597' title='bbox 1806 4210 1911 4261; x_wconf 85' lang='grc' dir='ltr'>τῶν</span> 
     </span>
    </p>
   </div>
   <div class='ocr_carea' id='block_1_76' title="bbox 373 4295 1913 4389">
    <p class='ocr_par' dir='ltr' id='par_1_76' title="bbox 373 4295 1913 4389">
     <span class='ocr_line' id='line_1_76' title="bbox 373 4295 1913 4389; baseline 0 -38"><span class='ocrx_word' id='word_1_598' title='bbox 373 4297 666 4369; x_wconf 86' lang='grc' dir='ltr'>ἀνθρώπων</span> <span class='ocrx_word' id='word_1_599' title='bbox 684 4297 1016 4367; x_wconf 76' lang='grc' dir='ltr'>οἰκουμένην,</span> <span class='ocrx_word' id='word_1_600' title='bbox 1034 4298 1111 4359; x_wconf 86' lang='grc' dir='ltr'><strong>εἰς</strong></span> <span class='ocrx_word' id='word_1_601' title='bbox 1134 4295 1332 4389; x_wconf 50' lang='lat' dir='ltr'><strong>cumdie;</strong></span> <span class='ocrx_word' id='word_1_602' title='bbox 1352 4296 1709 4365; x_wconf 88' lang='grc' dir='ltr'>διαμετρήσω,</span> <span class='ocrx_word' id='word_1_603' title='bbox 1728 4297 1913 4369; x_wconf 84' lang='grc' dir='ltr'>ὥσπερ</span> 
     </span>
    </p>
   </div>
   <div class='ocr_carea' id='block_1_77' title="bbox 2018 3581 3551 3652">
    <p class='ocr_par' dir='ltr' id='par_1_77' title="bbox 2018 3581 3551 3652">
     <span class='ocr_line' id='line_1_77' title="bbox 2018 3581 3551 3652; baseline -0.001 -14"><span class='ocrx_word' id='word_1_604' title='bbox 2018 3604 2140 3642; x_wconf 88' lang='lat' dir='ltr'><strong>vero</strong></span> <span class='ocrx_word' id='word_1_605' title='bbox 2173 3607 2185 3641; x_wconf 92' lang='lat'>:</span> <span class='ocrx_word' id='word_1_606' title='bbox 2218 3586 2281 3638; x_wconf 79' lang='lat' dir='ltr'><strong>Et</strong></span> <span class='ocrx_word' id='word_1_607' title='bbox 2327 3600 2475 3652; x_wconf 84' lang='lat' dir='ltr'><strong>super</strong></span> <span class='ocrx_word' id='word_1_608' title='bbox 2516 3598 2712 3635; x_wconf 87' lang='lat' dir='ltr'><strong>omnem</strong></span> <span class='ocrx_word' id='word_1_609' title='bbox 2766 3592 2955 3635; x_wconf 88' lang='lat' dir='ltr'><strong>terram</strong></span> <span class='ocrx_word' id='word_1_610' title='bbox 3001 3581 3170 3650; x_wconf 85' lang='lat' dir='ltr'><strong>gloria</strong></span> <span class='ocrx_word' id='word_1_611' title='bbox 3204 3589 3316 3643; x_wconf 85' lang='lat' dir='ltr'><strong>tua,</strong></span> <span class='ocrx_word' id='word_1_612' title='bbox 3362 3595 3551 3651; x_wconf 87' lang='lat' dir='ltr'><strong>rursus</strong></span> 
     </span>
    </p>
   </div>
   <div class='ocr_carea' id='block_1_78' title="bbox 2015 3670 3550 3747">
    <p class='ocr_par' dir='ltr' id='par_1_78' title="bbox 2015 3670 3550 3747">
     <span class='ocr_line' id='line_1_78' title="bbox 2015 3670 3550 3747; baseline -0.006 -14"><span class='ocrx_word' id='word_1_613' title='bbox 2015 3685 2371 3747; x_wconf 72' lang='lat' dir='ltr'><strong>congruenter</strong></span> <span class='ocrx_word' id='word_1_614' title='bbox 2411 3673 2618 3744; x_wconf 89' lang='lat' dir='ltr'><strong>reponit</strong></span> <span class='ocrx_word' id='word_1_615' title='bbox 2660 3673 2727 3726; x_wconf 91' lang='lat' dir='ltr'><strong>ab</strong></span> <span class='ocrx_word' id='word_1_616' title='bbox 2775 3672 2857 3725; x_wconf 82' lang='lat' dir='ltr'><strong>his</strong></span> <span class='ocrx_word' id='word_1_617' title='bbox 2889 3673 3067 3727; x_wconf 83' lang='lat' dir='ltr'><strong>verbis</strong></span> <span class='ocrx_word' id='word_1_618' title='bbox 3118 3691 3131 3727; x_wconf 89' lang='lat'>:</span> <span class='ocrx_word' id='word_1_619' title='bbox 3177 3670 3466 3725; x_wconf 74' lang='lat' dir='ltr'><strong>Ezeltabsr</strong></span> <span class='ocrx_word' id='word_1_620' title='bbox 3500 3680 3550 3725; x_wconf 86' lang='lat' dir='ltr'><strong>et</strong></span> 
     </span>
    </p>
   </div>
   <div class='ocr_carea' id='block_1_79' title="bbox 2015 3761 3548 3825">
    <p class='ocr_par' dir='ltr' id='par_1_79' title="bbox 2015 3761 3548 3825">
     <span class='ocr_line' id='line_1_79' title="bbox 2015 3761 3548 3825; baseline -0.003 -5"><span class='ocrx_word' id='word_1_621' title='bbox 2015 3768 2241 3820; x_wconf 76' lang='lat' dir='ltr'><strong>dividant</strong></span> <span class='ocrx_word' id='word_1_622' title='bbox 2270 3765 2517 3825; x_wconf 84' lang='lat' dir='ltr'><strong>Sichima,</strong></span> <span class='ocrx_word' id='word_1_623' title='bbox 2542 3772 2589 3817; x_wconf 88' lang='lat' dir='ltr'><strong>et</strong></span> <span class='ocrx_word' id='word_1_624' title='bbox 2610 3762 2888 3815; x_wconf 87' lang='lat' dir='ltr'><strong>convallem</strong></span> <span class='ocrx_word' id='word_1_625' title='bbox 2917 3761 3361 3816; x_wconf 79' lang='lat' dir='ltr'><strong>tabernaculorum</strong></span> <span class='ocrx_word' id='word_1_626' title='bbox 3389 3761 3548 3815; x_wconf 82' lang='lat' dir='ltr'><strong>dime-</strong></span> 
     </span>
    </p>
   </div>
   <div class='ocr_carea' id='block_1_80' title="bbox 2016 3834 3548 3925">
    <p class='ocr_par' dir='ltr' id='par_1_80' title="bbox 2016 3834 3548 3925">
     <span class='ocr_line' id='line_1_80' title="bbox 2016 3834 3548 3925; baseline -0.003 -15"><span class='ocrx_word' id='word_1_627' title='bbox 2016 3860 2139 3912; x_wconf 87' lang='lat' dir='ltr'><strong>tiar.</strong></span> <span class='ocrx_word' id='word_1_628' title='bbox 2178 3856 2345 3918; x_wconf 83' lang='lat' dir='ltr'><strong>Hanc,</strong></span> <span class='ocrx_word' id='word_1_629' title='bbox 2378 3856 2569 3925; x_wconf 88' lang='lat' dir='ltr'><strong>inquit,</strong></span> <span class='ocrx_word' id='word_1_630' title='bbox 2597 3854 2913 3919; x_wconf 82' lang='lat' dir='ltr'><strong>convallem,</strong></span> <span class='ocrx_word' id='word_1_631' title='bbox 2940 3853 2991 3907; x_wconf 90' lang='lat' dir='ltr'><strong>id</strong></span> <span class='ocrx_word' id='word_1_632' title='bbox 3015 3859 3098 3907; x_wconf 84' lang='lat' dir='ltr'><strong>est</strong></span> <span class='ocrx_word' id='word_1_633' title='bbox 3123 3834 3430 3907; x_wconf 75' lang='lat' dir='ltr'><strong>universum</strong></span> <span class='ocrx_word' id='word_1_634' title='bbox 3460 3867 3548 3906; x_wconf 90' lang='lat' dir='ltr'><strong>or-</strong></span> 
     </span>
    </p>
   </div>
   <div class='ocr_carea' id='block_1_81' title="bbox 2017 3943 3547 4011">
    <p class='ocr_par' dir='ltr' id='par_1_81' title="bbox 2017 3943 3547 4011">
     <span class='ocr_line' id='line_1_81' title="bbox 2017 3943 3547 4011; baseline -0.005 -9"><span class='ocrx_word' id='word_1_635' title='bbox 2017 3948 2159 4010; x_wconf 87' lang='lat' dir='ltr'><strong>bem,</strong></span> <span class='ocrx_word' id='word_1_636' title='bbox 2192 3946 2247 3999; x_wconf 86' lang='lat' dir='ltr'><strong>in</strong></span> <span class='ocrx_word' id='word_1_637' title='bbox 2279 3946 2621 4000; x_wconf 87' lang='lat' dir='ltr'><strong>tabernacula</strong></span> <span class='ocrx_word' id='word_1_638' title='bbox 2678 3944 2944 4007; x_wconf 88' lang='lat' dir='ltr'><strong>dimetiar,</strong></span> <span class='ocrx_word' id='word_1_639' title='bbox 2997 3943 3149 4011; x_wconf 87' lang='lat' dir='ltr'><strong>quasi</strong></span> <span class='ocrx_word' id='word_1_640' title='bbox 3200 3943 3315 3995; x_wconf 87' lang='lat' dir='ltr'><strong>loca</strong></span> <span class='ocrx_word' id='word_1_641' title='bbox 3360 3956 3547 3997; x_wconf 89' lang='lat' dir='ltr'><strong>eorum</strong></span> 
     </span>
    </p>
   </div>
   <div class='ocr_carea' id='block_1_82' title="bbox 2019 4032 3661 4102">
    <p class='ocr_par' dir='ltr' id='par_1_82' title="bbox 2019 4032 3661 4102">
     <span class='ocr_line' id='line_1_82' title="bbox 2019 4032 3661 4102; baseline -0.003 -13"><span class='ocrx_word' id='word_1_642' title='bbox 2019 4036 2243 4091; x_wconf 90' lang='lat' dir='ltr'><strong>metiens</strong></span> <span class='ocrx_word' id='word_1_643' title='bbox 2264 4044 2317 4089; x_wconf 91' lang='lat' dir='ltr'><strong>et</strong></span> <span class='ocrx_word' id='word_1_644' title='bbox 2344 4035 2685 4098; x_wconf 82' lang='lat' dir='ltr'><strong>describens;</strong></span> <span class='ocrx_word' id='word_1_645' title='bbox 2715 4033 2947 4086; x_wconf 87' lang='lat' dir='ltr'><strong>dividam</strong></span> <span class='ocrx_word' id='word_1_646' title='bbox 2997 4032 3051 4085; x_wconf 91' lang='lat' dir='ltr'><strong>in</strong></span> <span class='ocrx_word' id='word_1_647' title='bbox 3076 4032 3416 4087; x_wconf 87' lang='lat' dir='ltr'><strong>tabernacula</strong></span> <span class='ocrx_word' id='word_1_648' title='bbox 3455 4046 3547 4102; x_wconf 87' lang='lat' dir='ltr'><strong>per</strong></span> <span class='ocrx_word' id='word_1_649' title='bbox 3654 4063 3661 4072; x_wconf 94' lang='lat'><strong><em>-</em></strong></span> 
     </span>
    </p>
   </div>
   <div class='ocr_carea' id='block_1_83' title="bbox 2017 4122 3543 4195">
    <p class='ocr_par' dir='ltr' id='par_1_83' title="bbox 2017 4122 3543 4195">
     <span class='ocr_line' id='line_1_83' title="bbox 2017 4122 3543 4195; baseline -0.003 -16"><span class='ocrx_word' id='word_1_650' title='bbox 2017 4126 2255 4195; x_wconf 87' lang='lat' dir='ltr'><strong>singulas</strong></span> <span class='ocrx_word' id='word_1_651' title='bbox 2281 4125 2543 4189; x_wconf 87' lang='lat' dir='ltr'><strong>civitates,</strong></span> <span class='ocrx_word' id='word_1_652' title='bbox 2572 4131 2626 4178; x_wconf 89' lang='lat' dir='ltr'><strong>et</strong></span> <span class='ocrx_word' id='word_1_653' title='bbox 2664 4123 2912 4192; x_wconf 73' lang='lat' dir='ltr'><strong>regiones</strong></span> <span class='ocrx_word' id='word_1_654' title='bbox 2934 4131 2985 4177; x_wconf 87' lang='lat' dir='ltr'><strong>et</strong></span> <span class='ocrx_word' id='word_1_655' title='bbox 3008 4122 3154 4176; x_wconf 89' lang='lat' dir='ltr'><strong>vicos</strong></span> <span class='ocrx_word' id='word_1_656' title='bbox 3183 4140 3195 4176; x_wconf 92' lang='lat'>:</span> <span class='ocrx_word' id='word_1_657' title='bbox 3219 4136 3280 4175; x_wconf 88' lang='lat' dir='ltr'><strong>ac</strong></span> <span class='ocrx_word' id='word_1_658' title='bbox 3308 4137 3543 4185; x_wconf 88' lang='lat' dir='ltr'><strong>rursum,</strong></span> 
     </span>
    </p>
   </div>
   <div class='ocr_carea' id='block_1_84' title="bbox 1972 4203 3543 4282">
    <p class='ocr_par' dir='ltr' id='par_1_84' title="bbox 1972 4203 3543 4282">
     <span class='ocr_line' id='line_1_84' title="bbox 1972 4203 3543 4282; baseline -0.001 -16"><span class='ocrx_word' id='word_1_659' title='bbox 1972 4210 1977 4217; x_wconf 93' lang='grc'><em>’</em></span> <span class='ocrx_word' id='word_1_660' title='bbox 2016 4214 2357 4268; x_wconf 87' lang='lat' dir='ltr'><strong>tabernacula</strong></span> <span class='ocrx_word' id='word_1_661' title='bbox 2402 4213 2530 4267; x_wconf 91' lang='lat' dir='ltr'><strong>mihi</strong></span> <span class='ocrx_word' id='word_1_662' title='bbox 2575 4212 2882 4280; x_wconf 87' lang='lat' dir='ltr'><strong>dimetiens,</strong></span> <span class='ocrx_word' id='word_1_663' title='bbox 2928 4228 2991 4267; x_wconf 85' lang='lat' dir='ltr'><strong>ac</strong></span> <span class='ocrx_word' id='word_1_664' title='bbox 3046 4227 3140 4282; x_wconf 90' lang='lat' dir='ltr'><strong>per</strong></span> <span class='ocrx_word' id='word_1_665' title='bbox 3192 4203 3543 4265; x_wconf 80' lang='lat' dir='ltr'><strong>loca&#39;distri-</strong></span> 
     </span>
    </p>
   </div>
   <div class='ocr_carea' id='block_1_85' title="bbox 2013 4301 3372 4373">
    <p class='ocr_par' dir='ltr' id='par_1_85' title="bbox 2013 4301 3372 4373">
     <span class='ocr_line' id='line_1_85' title="bbox 2013 4301 3372 4373; baseline -0.001 -16"><span class='ocrx_word' id='word_1_666' title='bbox 2013 4303 2215 4370; x_wconf 86' lang='lat' dir='ltr'><strong>buens;</strong></span> <span class='ocrx_word' id='word_1_667' title='bbox 2251 4302 2303 4357; x_wconf 90' lang='lat' dir='ltr'><strong>id</strong></span> <span class='ocrx_word' id='word_1_668' title='bbox 2328 4312 2411 4358; x_wconf 84' lang='lat' dir='ltr'><strong>est</strong></span> <span class='ocrx_word' id='word_1_669' title='bbox 2438 4304 2715 4358; x_wconf 86' lang='lat' dir='ltr'><strong>universas</strong></span> <span class='ocrx_word' id='word_1_670' title='bbox 2744 4318 2839 4373; x_wconf 90' lang='lat' dir='ltr'><strong>per</strong></span> <span class='ocrx_word' id='word_1_671' title='bbox 2874 4302 3057 4357; x_wconf 87' lang='lat' dir='ltr'><strong>orbem</strong></span> <span class='ocrx_word' id='word_1_672' title='bbox 3089 4301 3372 4357; x_wconf 88' lang='lat' dir='ltr'><strong>Ecclesias.</strong></span> 
     </span>
    </p>
   </div>
   <div class='ocr_carea' id='block_1_86' title="bbox 335 4385 3539 4475">
    <p class='ocr_par' dir='ltr' id='par_1_86' title="bbox 335 4385 3539 4475">
     <span class='ocr_line' id='line_1_86' title="bbox 335 4385 3539 4475; baseline 0.001 -35"><span class='ocrx_word' id='word_1_673' title='bbox 335 4451 338 4453; x_wconf 20' lang='grc' dir='ltr'>λ</span> <span class='ocrx_word' id='word_1_674' title='bbox 373 4386 725 4458; x_wconf 79' lang='grc' dir='ltr'>χωρομετρῶν</span> <span class='ocrx_word' id='word_1_675' title='bbox 772 4388 864 4439; x_wconf 78' lang='grc' dir='ltr'>καὶ</span> <span class='ocrx_word' id='word_1_676' title='bbox 906 4387 1263 4467; x_wconf 72' lang='grc' dir='ltr'>καταγράφων</span> <span class='ocrx_word' id='word_1_677' title='bbox 1296 4385 1502 4449; x_wconf 75' lang='grc' dir='ltr'>ἀὐτούς</span> <span class='ocrx_word' id='word_1_678' title='bbox 1521 4403 1533 4415; x_wconf 90' lang='grc'>·</span> <span class='ocrx_word' id='word_1_679' title='bbox 1574 4386 1911 4459; x_wconf 88' lang='grc' dir='ltr'>διαμετρήσω</span> <span class='ocrx_word' id='word_1_680' title='bbox 1942 4394 2019 4454; x_wconf 85' lang='grc' dir='ltr'><strong>εἰς</strong></span> <span class='ocrx_word' id='word_1_681' title='bbox 2050 4393 2247 4463; x_wconf 80' lang='grc' dir='ltr'>σκηνὰς</span> <span class='ocrx_word' id='word_1_682' title='bbox 2275 4394 2415 4447; x_wconf 88' lang='grc' dir='ltr'><strong>κατά</strong></span> <span class='ocrx_word' id='word_1_683' title='bbox 2444 4386 2615 4475; x_wconf 64' lang='grc' dir='ltr'>πασαν</span> <span class='ocrx_word' id='word_1_684' title='bbox 2638 4394 2806 4457; x_wconf 81' lang='grc' dir='ltr'>πόλιν,</span> <span class='ocrx_word' id='word_1_685' title='bbox 2832 4394 2923 4446; x_wconf 76' lang='grc' dir='ltr'>καὶ</span> <span class='ocrx_word' id='word_1_686' title='bbox 2970 4392 3145 4462; x_wconf 80' lang='grc' dir='ltr'>χώραν</span> <span class='ocrx_word' id='word_1_687' title='bbox 3190 4393 3280 4444; x_wconf 71' lang='grc' dir='ltr'>καὶ</span> <span class='ocrx_word' id='word_1_688' title='bbox 3322 4390 3539 4462; x_wconf 79' lang='grc' dir='ltr'>κώμην·</span> 
     </span>
    </p>
   </div>
   <div class='ocr_carea' id='block_1_87' title="bbox 372 4479 3126 4556">
    <p class='ocr_par' dir='ltr' id='par_1_87' title="bbox 372 4479 3126 4556">
     <span class='ocr_line' id='line_1_87' title="bbox 372 4479 3126 4556; baseline 0 -20"><span class='ocrx_word' id='word_1_689' title='bbox 372 4482 465 4536; x_wconf 82' lang='grc' dir='ltr'>καὶ</span> <span class='ocrx_word' id='word_1_690' title='bbox 497 4481 675 4546; x_wconf 80' lang='grc' dir='ltr'>πάλιν,</span> <span class='ocrx_word' id='word_1_691' title='bbox 723 4480 921 4550; x_wconf 82' lang='grc' dir='ltr'>σκηνὰς</span> <span class='ocrx_word' id='word_1_692' title='bbox 956 4479 1172 4550; x_wconf 75' lang='grc' dir='ltr'>ἐμαυτῷ</span> <span class='ocrx_word' id='word_1_693' title='bbox 1207 4480 1506 4549; x_wconf 85' lang='grc' dir='ltr'>διαμετρῶν</span> <span class='ocrx_word' id='word_1_694' title='bbox 1547 4482 1636 4534; x_wconf 76' lang='grc' dir='ltr'><strong>καὶ</strong></span> <span class='ocrx_word' id='word_1_695' title='bbox 1668 4486 2041 4555; x_wconf 85' lang='grc' dir='ltr'>χωρομετρῶν,</span> <span class='ocrx_word' id='word_1_696' title='bbox 2066 4487 2306 4541; x_wconf 83' lang='grc' dir='ltr'>τουτέστι</span> <span class='ocrx_word' id='word_1_697' title='bbox 2333 4487 2431 4551; x_wconf 86' lang='grc' dir='ltr'>τὰς</span> <span class='ocrx_word' id='word_1_698' title='bbox 2455 4486 2758 4556; x_wconf 79' lang='grc' dir='ltr'>ἁπανταχοῦ</span> <span class='ocrx_word' id='word_1_699' title='bbox 2791 4484 3126 4547; x_wconf 82' lang='grc' dir='ltr'>Ἐκκλησίας.</span> 
     </span>
    </p>
   </div>
   <div class='ocr_carea' id='block_1_88' title="bbox 455 4596 2160 4679">
    <p class='ocr_par' dir='ltr' id='par_1_88' title="bbox 455 4596 2160 4679">
     <span class='ocr_line' id='line_1_88' title="bbox 455 4596 2160 4679; baseline 0.005 -28"><span class='ocrx_word' id='word_1_700' title='bbox 455 4598 625 4666; x_wconf 81' lang='grc' dir='ltr'>Ἐμός</span> <span class='ocrx_word' id='word_1_701' title='bbox 652 4599 780 4651; x_wconf 82' lang='grc' dir='ltr'>ἐστι</span> <span class='ocrx_word' id='word_1_702' title='bbox 799 4596 1060 4661; x_wconf 73' lang='grc' dir='ltr'><em>Γαλαὰδ,</em></span> <span class='ocrx_word' id='word_1_703' title='bbox 1091 4598 1186 4651; x_wconf 76' lang='grc' dir='ltr'><strong>καὶ</strong></span> <span class='ocrx_word' id='word_1_704' title='bbox 1215 4598 1353 4666; x_wconf 78' lang='grc' dir='ltr'>ἐμός</span> <span class='ocrx_word' id='word_1_705' title='bbox 1388 4599 1515 4653; x_wconf 82' lang='grc' dir='ltr'><strong>ἐστι</strong></span> <span class='ocrx_word' id='word_1_706' title='bbox 1546 4603 1908 4679; x_wconf 69' lang='grc' dir='ltr'><strong>Μανασσῆς-ο</strong></span> <span class='ocrx_word' id='word_1_707' title='bbox 1941 4610 1987 4665; x_wconf 82' lang='grc' dir='ltr'>ι)</span> <span class='ocrx_word' id='word_1_708' title='bbox 2086 4604 2160 4659; x_wconf 72' lang='lat' dir='ltr'><strong>Vr:</strong></span> 
     </span>
    </p>
   </div>
   <div class='ocr_carea' id='block_1_89' title="bbox 1833 4596 3538 4679">
    <p class='ocr_par' dir='ltr' id='par_1_89' title="bbox 1833 4598 3538 4674">
     <span class='ocr_line' id='line_1_89' title="bbox 1833 4598 3538 4674; baseline -0.009 -6"><span class='ocrx_word' id='word_1_709' title='bbox 1833 4603 1908 4668; x_wconf 74' lang='lat' dir='ltr'><strong>lt&quot;</strong></span> <span class='ocrx_word' id='word_1_710' title='bbox 1941 4610 1987 4665; x_wconf 85' lang='grc' dir='ltr'><strong>Ι)</strong></span> <span class='ocrx_word' id='word_1_711' title='bbox 2086 4604 2246 4661; x_wconf 78' lang='lat' dir='ltr'><strong>Vsus.</strong></span> <span class='ocrx_word' id='word_1_712' title='bbox 2291 4607 2345 4669; x_wconf 89' lang='lat'><strong>9,</strong></span> <span class='ocrx_word' id='word_1_713' title='bbox 2386 4606 2471 4674; x_wconf 66' lang='grc'><strong>10.</strong></span> <span class='ocrx_word' id='word_1_714' title='bbox 2506 4604 2651 4658; x_wconf 72' lang='lat' dir='ltr'><strong>Heus</strong></span> <span class='ocrx_word' id='word_1_715' title='bbox 2678 4614 2754 4657; x_wconf 89' lang='lat' dir='ltr'><strong>est</strong></span> <span class='ocrx_word' id='word_1_716' title='bbox 2788 4601 3010 4665; x_wconf 80' lang='lat' dir='ltr'><strong>Galaad,</strong></span> <span class='ocrx_word' id='word_1_717' title='bbox 3045 4609 3092 4654; x_wconf 90' lang='lat' dir='ltr'><strong>et</strong></span> <span class='ocrx_word' id='word_1_718' title='bbox 3137 4617 3278 4654; x_wconf 87' lang='lat' dir='ltr'><strong>meus</strong></span> <span class='ocrx_word' id='word_1_719' title='bbox 3309 4609 3389 4654; x_wconf 84' lang='lat' dir='ltr'><strong>est</strong></span> <span class='ocrx_word' id='word_1_720' title='bbox 3423 4598 3538 4654; x_wconf 72' lang='lat' dir='ltr'><strong>la-</strong></span> 
     </span>
    </p>
   </div>
   <div class='ocr_carea' id='block_1_90' title="bbox 369 4686 1905 4759">
    <p class='ocr_par' dir='ltr' id='par_1_90' title="bbox 369 4686 1905 4759">
     <span class='ocr_line' id='line_1_90' title="bbox 369 4686 1905 4759; baseline 0.006 -21"><span class='ocrx_word' id='word_1_721' title='bbox 369 4686 467 4738; x_wconf 83' lang='grc' dir='ltr'><strong>καὶ</strong></span> <span class='ocrx_word' id='word_1_722' title='bbox 510 4687 745 4755; x_wconf 76' lang='grc' dir='ltr'>Ἐφραίμ</span> <span class='ocrx_word' id='word_1_723' title='bbox 784 4687 1104 4755; x_wconf 71' lang='grc' dir='ltr'>ἀντίληψις</span> <span class='ocrx_word' id='word_1_724' title='bbox 1140 4686 1247 4755; x_wconf 82' lang='grc' dir='ltr'><strong>τῆς</strong></span> <span class='ocrx_word' id='word_1_725' title='bbox 1289 4689 1556 4757; x_wconf 71' lang='grc' dir='ltr'>κεφαλῆς</span> <span class='ocrx_word' id='word_1_726' title='bbox 1593 4709 1730 4759; x_wconf 80' lang='grc' dir='ltr'><strong>μου.</strong></span> <span class='ocrx_word' id='word_1_727' title='bbox 1773 4694 1905 4747; x_wconf 82' lang='grc' dir='ltr'><strong>Ἰού-</strong></span> 
     </span>
    </p>
   </div>
   <div class='ocr_carea' id='block_1_91' title="bbox 366 4772 1906 4850">
    <p class='ocr_par' dir='ltr' id='par_1_91' title="bbox 366 4772 1906 4850">
     <span class='ocr_line' id='line_1_91' title="bbox 366 4772 1906 4850; baseline 0.006 -24"><span class='ocrx_word' id='word_1_728' title='bbox 366 4774 476 4838; x_wconf 79' lang='grc' dir='ltr'><strong>δας</strong></span> <span class='ocrx_word' id='word_1_729' title='bbox 528 4772 822 4843; x_wconf 72' lang='grc' dir='ltr'>,Βασιλεύς</span> <span class='ocrx_word' id='word_1_730' title='bbox 875 4794 1022 4846; x_wconf 80' lang='grc' dir='ltr'>μου.</span> <span class='ocrx_word' id='word_1_731' title='bbox 1072 4779 1249 4832; x_wconf 83' lang='grc' dir='ltr'><strong>Μωὰὸ</strong></span> <span class='ocrx_word' id='word_1_732' title='bbox 1294 4780 1470 4845; x_wconf 75' lang='grc' dir='ltr'>λέϐης</span> <span class='ocrx_word' id='word_1_733' title='bbox 1518 4778 1624 4847; x_wconf 81' lang='grc' dir='ltr'><strong>τῆς</strong></span> <span class='ocrx_word' id='word_1_734' title='bbox 1666 4783 1906 4850; x_wconf 73' lang='grc' dir='ltr'>ἐλπίδος</span> 
     </span>
    </p>
   </div>
   <div class='ocr_carea' id='block_1_92' title="bbox 362 4865 1905 4939">
    <p class='ocr_par' dir='ltr' id='par_1_92' title="bbox 362 4865 1905 4939">
     <span class='ocr_line' id='line_1_92' title="bbox 362 4865 1905 4939; baseline 0.008 -25"><span class='ocrx_word' id='word_1_735' title='bbox 362 4880 499 4930; x_wconf 82' lang='grc' dir='ltr'><strong>μου.</strong></span> <span class='ocrx_word' id='word_1_736' title='bbox 544 4865 752 4934; x_wconf 73' lang='grc' dir='ltr'>Ἐπειδὴ</span> <span class='ocrx_word' id='word_1_737' title='bbox 792 4866 1023 4937; x_wconf 77' lang='grc' dir='ltr'>Ἐφραῖμ</span> <span class='ocrx_word' id='word_1_738' title='bbox 1054 4870 1145 4921; x_wconf 75' lang='grc' dir='ltr'>καὶ</span> <span class='ocrx_word' id='word_1_739' title='bbox 1174 4869 1462 4939; x_wconf 75' lang='grc' dir='ltr'>Μανασσῆς</span> <span class='ocrx_word' id='word_1_740' title='bbox 1494 4870 1599 4922; x_wconf 78' lang='grc' dir='ltr'>υίοὶ</span> <span class='ocrx_word' id='word_1_741' title='bbox 1626 4872 1905 4938; x_wconf 85' lang='grc' dir='ltr'>γεγόνασιν</span> 
     </span>
    </p>
   </div>
   <div class='ocr_carea' id='block_1_93' title="bbox 379 4952 1904 5035">
    <p class='ocr_par' dir='ltr' id='par_1_93' title="bbox 379 4952 1904 5035">
     <span class='ocr_line' id='line_1_93' title="bbox 379 4952 1904 5035; baseline 0.009 -31"><span class='ocrx_word' id='word_1_742' title='bbox 379 4952 589 5023; x_wconf 79' lang='grc' dir='ltr'>Ἰωσὴφ,</span> <span class='ocrx_word' id='word_1_743' title='bbox 628 4956 883 5024; x_wconf 83' lang='grc' dir='ltr'>κατέσχον</span> <span class='ocrx_word' id='word_1_744' title='bbox 922 4956 979 5009; x_wconf 80' lang='grc' dir='ltr'><strong>δὲ</strong></span> <span class='ocrx_word' id='word_1_745' title='bbox 1018 4958 1067 5010; x_wconf 87' lang='grc' dir='ltr'>οἰ</span> <span class='ocrx_word' id='word_1_746' title='bbox 1114 4959 1177 5010; x_wconf 77' lang='grc' dir='ltr'>ὲκ</span> <span class='ocrx_word' id='word_1_747' title='bbox 1214 4960 1415 5012; x_wconf 87' lang='grc' dir='ltr'>τούτων</span> <span class='ocrx_word' id='word_1_748' title='bbox 1443 4958 1541 5029; x_wconf 80' lang='grc' dir='ltr'><strong>τὴν</strong></span> <span class='ocrx_word' id='word_1_749' title='bbox 1572 4961 1904 5035; x_wconf 79' lang='grc' dir='ltr'>καλουμένην</span> 
     </span>
    </p>
   </div>
   <div class='ocr_carea' id='block_1_94' title="bbox 328 5038 1900 5124">
    <p class='ocr_par' dir='ltr' id='par_1_94' title="bbox 328 5038 1900 5124">
     <span class='ocr_line' id='line_1_94' title="bbox 328 5038 1900 5124; baseline 0.008 -29"><span class='ocrx_word' id='word_1_750' title='bbox 328 5038 329 5041; x_wconf 45' lang='grc'><em>“</em></span> <span class='ocrx_word' id='word_1_751' title='bbox 365 5043 546 5115; x_wconf 88' lang='grc' dir='ltr'>χώραν</span> <span class='ocrx_word' id='word_1_752' title='bbox 575 5044 800 5107; x_wconf 75' lang='grc' dir='ltr'>Γαλαὰδ,</span> <span class='ocrx_word' id='word_1_753' title='bbox 850 5047 942 5099; x_wconf 76' lang='grc' dir='ltr'>καὶ</span> <span class='ocrx_word' id='word_1_754' title='bbox 983 5048 1079 5119; x_wconf 79' lang='grc' dir='ltr'>τὴν</span> <span class='ocrx_word' id='word_1_755' title='bbox 1114 5050 1291 5121; x_wconf 77' lang='grc' dir='ltr'>Συχὲμ</span> <span class='ocrx_word' id='word_1_756' title='bbox 1322 5052 1411 5103; x_wconf 79' lang='grc' dir='ltr'>καὶ</span> <span class='ocrx_word' id='word_1_757' title='bbox 1442 5051 1540 5121; x_wconf 82' lang='grc' dir='ltr'>τὴν</span> <span class='ocrx_word' id='word_1_758' title='bbox 1571 5053 1900 5124; x_wconf 81' lang='grc' dir='ltr'>Σαμάρειαν,</span> 
     </span>
    </p>
   </div>
   <div class='ocr_carea' id='block_1_95' title="bbox 366 5133 1904 5210">
    <p class='ocr_par' dir='ltr' id='par_1_95' title="bbox 366 5133 1904 5210">
     <span class='ocr_line' id='line_1_95' title="bbox 366 5133 1904 5210; baseline 0.01 -25"><span class='ocrx_word' id='word_1_759' title='bbox 366 5134 492 5187; x_wconf 73' lang='grc' dir='ltr'>ἔνθα</span> <span class='ocrx_word' id='word_1_760' title='bbox 508 5135 567 5187; x_wconf 84' lang='grc' dir='ltr'>τδ</span> <span class='ocrx_word' id='word_1_761' title='bbox 592 5133 851 5204; x_wconf 73' lang='grc' dir='ltr'>βασίλειον</span> <span class='ocrx_word' id='word_1_762' title='bbox 872 5142 1203 5209; x_wconf 81' lang='grc' dir='ltr'>συνειστήκει</span> <span class='ocrx_word' id='word_1_763' title='bbox 1229 5139 1320 5192; x_wconf 91' lang='grc' dir='ltr'><strong>τοῦ</strong></span> <span class='ocrx_word' id='word_1_764' title='bbox 1366 5140 1575 5210; x_wconf 83' lang='grc' dir='ltr'>Ἰσραήλ</span> <span class='ocrx_word' id='word_1_765' title='bbox 1595 5158 1607 5171; x_wconf 91' lang='grc'><strong>·</strong></span> <span class='ocrx_word' id='word_1_766' title='bbox 1640 5143 1726 5196; x_wconf 89' lang='grc' dir='ltr'><strong>διά</strong></span> <span class='ocrx_word' id='word_1_767' title='bbox 1748 5145 1904 5201; x_wconf 89' lang='grc' dir='ltr'>τοῦτο</span> 
     </span>
    </p>
   </div>
   <div class='ocr_carea' id='block_1_96' title="bbox 366 5219 1900 5303">
    <p class='ocr_par' dir='ltr' id='par_1_96' title="bbox 366 5219 1900 5303">
     <span class='ocr_line' id='line_1_96' title="bbox 366 5219 1900 5303; baseline 0.009 -28"><span class='ocrx_word' id='word_1_768' title='bbox 366 5224 553 5277; x_wconf 78' lang='grc' dir='ltr'>ἑαυτοῦ</span> <span class='ocrx_word' id='word_1_769' title='bbox 582 5240 739 5294; x_wconf 86' lang='grc' dir='ltr'>φησιν</span> <span class='ocrx_word' id='word_1_770' title='bbox 772 5219 906 5279; x_wconf 73' lang='grc' dir='ltr'>εἶναι</span> <span class='ocrx_word' id='word_1_771' title='bbox 940 5230 1029 5281; x_wconf 76' lang='grc' dir='ltr'>καὶ</span> <span class='ocrx_word' id='word_1_772' title='bbox 1052 5229 1286 5294; x_wconf 87' lang='grc' dir='ltr'>τούτους,</span> <span class='ocrx_word' id='word_1_773' title='bbox 1322 5230 1411 5283; x_wconf 82' lang='grc' dir='ltr'>τὸν</span> <span class='ocrx_word' id='word_1_774' title='bbox 1436 5231 1493 5284; x_wconf 79' lang='grc' dir='ltr'><strong>δὲ</strong></span> <span class='ocrx_word' id='word_1_775' title='bbox 1522 5231 1756 5303; x_wconf 73' lang='grc' dir='ltr'>Ἐφραῖμ</span> <span class='ocrx_word' id='word_1_776' title='bbox 1785 5240 1900 5289; x_wconf 87' lang='grc' dir='ltr'>κατ’</span> 
     </span>
    </p>
   </div>
   <div class='ocr_carea' id='block_1_97' title="bbox 366 5309 1901 5395">
    <p class='ocr_par' dir='ltr' id='par_1_97' title="bbox 366 5309 1901 5395">
     <span class='ocr_line' id='line_1_97' title="bbox 366 5309 1901 5395; baseline 0.01 -31"><span class='ocrx_word' id='word_1_777' title='bbox 366 5314 634 5385; x_wconf 77' lang='grc' dir='ltr'>ἐξαίρετον</span> <span class='ocrx_word' id='word_1_778' title='bbox 655 5309 740 5369; x_wconf 77' lang='grc' dir='ltr'><strong>διὰ</strong></span> <span class='ocrx_word' id='word_1_779' title='bbox 766 5314 861 5385; x_wconf 82' lang='grc' dir='ltr'><strong>τήν</strong></span> <span class='ocrx_word' id='word_1_780' title='bbox 882 5317 939 5383; x_wconf 71' lang='grc' dir='ltr'><strong>ἐξ</strong></span> <span class='ocrx_word' id='word_1_781' title='bbox 972 5320 1131 5373; x_wconf 83' lang='grc' dir='ltr'>αὑτοῦ</span> <span class='ocrx_word' id='word_1_782' title='bbox 1159 5323 1425 5374; x_wconf 82' lang='grc' dir='ltr'>συστᾶσαν</span> <span class='ocrx_word' id='word_1_783' title='bbox 1453 5321 1743 5389; x_wconf 86' lang='grc' dir='ltr'>βασιλείαν,</span> <span class='ocrx_word' id='word_1_784' title='bbox 1776 5344 1901 5395; x_wconf 86' lang='grc' dir='ltr'>κρα-</span> 
     </span>
    </p>
   </div>
   <div class='ocr_carea' id='block_1_98' title="bbox 364 5401 1901 5480">
    <p class='ocr_par' dir='ltr' id='par_1_98' title="bbox 364 5401 1901 5480">
     <span class='ocr_line' id='line_1_98' title="bbox 364 5401 1901 5480; baseline 0.012 -30"><span class='ocrx_word' id='word_1_785' title='bbox 364 5401 579 5453; x_wconf 84' lang='grc' dir='ltr'>ταίωσιν</span> <span class='ocrx_word' id='word_1_786' title='bbox 610 5404 856 5474; x_wconf 74' lang='grc' dir='ltr'>ὀνομάζει</span> <span class='ocrx_word' id='word_1_787' title='bbox 882 5407 978 5476; x_wconf 87' lang='grc' dir='ltr'><strong>τῆς</strong></span> <span class='ocrx_word' id='word_1_788' title='bbox 1017 5411 1249 5480; x_wconf 83' lang='grc' dir='ltr'>κεφαλῆς</span> <span class='ocrx_word' id='word_1_789' title='bbox 1278 5410 1487 5465; x_wconf 77' lang='grc' dir='ltr'>ἑαυτοῦ.</span> <span class='ocrx_word' id='word_1_790' title='bbox 1542 5411 1767 5480; x_wconf 82' lang='grc' dir='ltr'>Ἰούδας</span> <span class='ocrx_word' id='word_1_791' title='bbox 1786 5418 1901 5479; x_wconf 73' lang='grc' dir='ltr'><strong>,βα-</strong></span> 
     </span>
    </p>
   </div>
   <div class='ocr_carea' id='block_1_99' title="bbox 2010 4690 3541 4763">
    <p class='ocr_par' dir='ltr' id='par_1_99' title="bbox 2010 4690 3541 4763">
     <span class='ocr_line' id='line_1_99' title="bbox 2010 4690 3541 4763; baseline -0.004 -14"><span class='ocrx_word' id='word_1_792' title='bbox 2010 4713 2186 4749; x_wconf 81' lang='lat' dir='ltr'><strong>uasses</strong></span> <span class='ocrx_word' id='word_1_793' title='bbox 2212 4712 2229 4749; x_wconf 91' lang='lat'><strong><em>:</em></strong></span> <span class='ocrx_word' id='word_1_794' title='bbox 2255 4704 2303 4749; x_wconf 91' lang='lat' dir='ltr'><strong>et</strong></span> <span class='ocrx_word' id='word_1_795' title='bbox 2326 4695 2578 4763; x_wconf 73' lang='lat' dir='ltr'><strong>Ephraim</strong></span> <span class='ocrx_word' id='word_1_796' title='bbox 2601 4693 2854 4761; x_wconf 82' lang='lat' dir='ltr'><strong>susceptio</strong></span> <span class='ocrx_word' id='word_1_797' title='bbox 2879 4692 3065 4759; x_wconf 87' lang='lat' dir='ltr'><strong>capitis</strong></span> <span class='ocrx_word' id='word_1_798' title='bbox 3105 4692 3221 4745; x_wconf 88' lang='lat' dir='ltr'><strong>mei.</strong></span> <span class='ocrx_word' id='word_1_799' title='bbox 3261 4690 3405 4743; x_wconf 81' lang='lat' dir='ltr'><strong>Juda</strong></span> <span class='ocrx_word' id='word_1_800' title='bbox 3450 4707 3541 4744; x_wconf 71' lang='lat' dir='ltr'><strong>rex</strong></span> 
     </span>
    </p>
   </div>
   <div class='ocr_carea' id='block_1_100' title="bbox 2010 4778 3541 4849">
    <p class='ocr_par' dir='ltr' id='par_1_100' title="bbox 2010 4778 3541 4849">
     <span class='ocr_line' id='line_1_100' title="bbox 2010 4778 3541 4849; baseline -0.004 -11"><span class='ocrx_word' id='word_1_801' title='bbox 2010 4802 2173 4848; x_wconf 71' lang='lat' dir='ltr'><strong>nicas,</strong></span> <span class='ocrx_word' id='word_1_802' title='bbox 2215 4784 2367 4838; x_wconf 75' lang='lat' dir='ltr'><strong>Moab</strong></span> <span class='ocrx_word' id='word_1_803' title='bbox 2419 4784 2550 4844; x_wconf 66' lang='lat' dir='ltr'><strong>labes</strong></span> <span class='ocrx_word' id='word_1_804' title='bbox 2594 4781 2701 4849; x_wconf 81' lang='lat' dir='ltr'><strong>spei</strong></span> <span class='ocrx_word' id='word_1_805' title='bbox 2740 4796 2882 4834; x_wconf 73' lang='lat' dir='ltr'><strong>mete.</strong></span> <span class='ocrx_word' id='word_1_806' title='bbox 2911 4779 3174 4846; x_wconf 83' lang='lat' dir='ltr'><strong>Quoniam</strong></span> <span class='ocrx_word' id='word_1_807' title='bbox 3211 4778 3458 4849; x_wconf 83' lang='lat' dir='ltr'><strong>prraim</strong></span> <span class='ocrx_word' id='word_1_808' title='bbox 3486 4787 3541 4833; x_wconf 86' lang='lat' dir='ltr'><strong>et</strong></span> 
     </span>
    </p>
   </div>
   <div class='ocr_carea' id='block_1_101' title="bbox 2012 4870 3539 4945">
    <p class='ocr_par' dir='ltr' id='par_1_101' title="bbox 2012 4870 3539 4945">
     <span class='ocr_line' id='line_1_101' title="bbox 2012 4870 3539 4945; baseline -0.003 -17"><span class='ocrx_word' id='word_1_809' title='bbox 2012 4875 2283 4945; x_wconf 75' lang='lat' dir='ltr'><strong>Manasses</strong></span> <span class='ocrx_word' id='word_1_810' title='bbox 2313 4874 2404 4928; x_wconf 81' lang='lat' dir='ltr'><strong>lilii</strong></span> <span class='ocrx_word' id='word_1_811' title='bbox 2452 4872 2652 4941; x_wconf 83' lang='lat' dir='ltr'><strong>Joseph</strong></span> <span class='ocrx_word' id='word_1_812' title='bbox 2702 4871 2969 4934; x_wconf 84' lang='lat' dir='ltr'><strong>feruntur.</strong></span> <span class='ocrx_word' id='word_1_813' title='bbox 3014 4884 3308 4939; x_wconf 85' lang='lat' dir='ltr'><strong>eorumque</strong></span> <span class='ocrx_word' id='word_1_814' title='bbox 3340 4870 3539 4939; x_wconf 85' lang='lat' dir='ltr'><strong>posteri</strong></span> 
     </span>
    </p>
   </div>
   <div class='ocr_carea' id='block_1_102' title="bbox 2008 4950 3540 5036">
    <p class='ocr_par' dir='ltr' id='par_1_102' title="bbox 2008 4950 3540 5036">
     <span class='ocr_line' id='line_1_102' title="bbox 2008 4950 3540 5036; baseline -0.003 -18"><span class='ocrx_word' id='word_1_815' title='bbox 2008 4967 2298 5036; x_wconf 75' lang='lat' dir='ltr'><strong>regionem,</strong></span> <span class='ocrx_word' id='word_1_816' title='bbox 2342 4979 2461 5031; x_wconf 69' lang='lat' dir='ltr'><strong>qua:</strong></span> <span class='ocrx_word' id='word_1_817' title='bbox 2501 4950 3059 5021; x_wconf 33' lang='lat' dir='ltr'><strong>Galaad&#39;vocabatur,</strong></span> <span class='ocrx_word' id='word_1_818' title='bbox 3103 4969 3453 5030; x_wconf 87' lang='lat' dir='ltr'><strong>occuparunt,</strong></span> <span class='ocrx_word' id='word_1_819' title='bbox 3486 4967 3540 5014; x_wconf 90' lang='lat' dir='ltr'><strong>et</strong></span> 
     </span>
    </p>
   </div>
   <div class='ocr_carea' id='block_1_103' title="bbox 2008 5047 3540 5125">
    <p class='ocr_par' dir='ltr' id='par_1_103' title="bbox 2008 5047 3540 5125">
     <span class='ocr_line' id='line_1_103' title="bbox 2008 5047 3540 5125; baseline -0.005 -15"><span class='ocrx_word' id='word_1_820' title='bbox 2008 5056 2232 5125; x_wconf 83' lang='lat' dir='ltr'><strong>Sychem</strong></span> <span class='ocrx_word' id='word_1_821' title='bbox 2266 5060 2319 5108; x_wconf 91' lang='lat' dir='ltr'><strong>et</strong></span> <span class='ocrx_word' id='word_1_822' title='bbox 2345 5052 2662 5117; x_wconf 87' lang='lat' dir='ltr'><strong>Samariam,</strong></span> <span class='ocrx_word' id='word_1_823' title='bbox 2690 5052 2779 5106; x_wconf 92' lang='lat' dir='ltr'><strong>ubi</strong></span> <span class='ocrx_word' id='word_1_824' title='bbox 2822 5053 2965 5123; x_wconf 77' lang='lat' dir='ltr'><strong>regia</strong></span> <span class='ocrx_word' id='word_1_825' title='bbox 2995 5047 3205 5107; x_wconf 78' lang='lat' dir='ltr'><strong>lsraelis</strong></span> <span class='ocrx_word' id='word_1_826' title='bbox 3244 5059 3390 5115; x_wconf 83' lang='lat' dir='ltr'><strong>erat;</strong></span> <span class='ocrx_word' id='word_1_827' title='bbox 3418 5050 3540 5104; x_wconf 90' lang='lat' dir='ltr'><strong>ideo</strong></span> 
     </span>
    </p>
   </div>
   <div class='ocr_carea' id='block_1_104' title="bbox 2004 5134 3540 5211">
    <p class='ocr_par' dir='ltr' id='par_1_104' title="bbox 2004 5134 3540 5211">
     <span class='ocr_line' id='line_1_104' title="bbox 2004 5134 3540 5211; baseline -0.005 -12"><span class='ocrx_word' id='word_1_828' title='bbox 2004 5146 2127 5199; x_wconf 87' lang='lat' dir='ltr'><strong>illos</strong></span> <span class='ocrx_word' id='word_1_829' title='bbox 2160 5158 2288 5198; x_wconf 88' lang='lat' dir='ltr'><strong>suos</strong></span> <span class='ocrx_word' id='word_1_830' title='bbox 2328 5159 2447 5197; x_wconf 89' lang='lat' dir='ltr'><strong>esse</strong></span> <span class='ocrx_word' id='word_1_831' title='bbox 2474 5143 2624 5205; x_wconf 89' lang='lat' dir='ltr'><strong>dicit,</strong></span> <span class='ocrx_word' id='word_1_832' title='bbox 2654 5156 2717 5201; x_wconf 85' lang='lat' dir='ltr'><strong>ac</strong></span> <span class='ocrx_word' id='word_1_833' title='bbox 2756 5134 3005 5211; x_wconf 81' lang='lat' dir='ltr'><strong>prraim</strong></span> <span class='ocrx_word' id='word_1_834' title='bbox 3040 5139 3259 5209; x_wconf 73' lang='lat' dir='ltr'><strong>quia’ex</strong></span> <span class='ocrx_word' id='word_1_835' title='bbox 3304 5139 3424 5209; x_wconf 88' lang='lat' dir='ltr'><strong>ipso</strong></span> <span class='ocrx_word' id='word_1_836' title='bbox 3454 5154 3540 5192; x_wconf 90' lang='lat' dir='ltr'><strong>re-</strong></span> 
     </span>
    </p>
   </div>
   <div class='ocr_carea' id='block_1_105' title="bbox 2003 5228 3537 5305">
    <p class='ocr_par' dir='ltr' id='par_1_105' title="bbox 2003 5228 3537 5305">
     <span class='ocr_line' id='line_1_105' title="bbox 2003 5228 3537 5305; baseline -0.005 -17"><span class='ocrx_word' id='word_1_837' title='bbox 2003 5249 2163 5305; x_wconf 85' lang='lat' dir='ltr'><strong>gnum</strong></span> <span class='ocrx_word' id='word_1_838' title='bbox 2187 5232 2490 5296; x_wconf 80' lang='lat' dir='ltr'><strong>constabat,</strong></span> <span class='ocrx_word' id='word_1_839' title='bbox 2520 5232 2886 5287; x_wconf 74' lang='lat' dir='ltr'><strong>fortitudinem</strong></span> <span class='ocrx_word' id='word_1_840' title='bbox 2908 5231 3102 5299; x_wconf 90' lang='lat' dir='ltr'><strong>capitis</strong></span> <span class='ocrx_word' id='word_1_841' title='bbox 3121 5230 3205 5284; x_wconf 88' lang='lat' dir='ltr'><strong>sui</strong></span> <span class='ocrx_word' id='word_1_842' title='bbox 3226 5244 3335 5305; x_wconf 81' lang='lat' dir='ltr'><strong>per</strong></span> <span class='ocrx_word' id='word_1_843' title='bbox 3359 5228 3537 5285; x_wconf 82' lang='lat' dir='ltr'><strong>excel-</strong></span> 
     </span>
    </p>
   </div>
   <div class='ocr_carea' id='block_1_106' title="bbox 2004 5319 3532 5389">
    <p class='ocr_par' dir='ltr' id='par_1_106' title="bbox 2004 5319 3532 5389">
     <span class='ocr_line' id='line_1_106' title="bbox 2004 5319 3532 5389; baseline -0.003 -10"><span class='ocrx_word' id='word_1_844' title='bbox 2004 5325 2217 5379; x_wconf 85' lang='lat' dir='ltr'><strong>lentiam</strong></span> <span class='ocrx_word' id='word_1_845' title='bbox 2246 5330 2419 5376; x_wconf 89' lang='lat' dir='ltr'><strong>vocat.</strong></span> <span class='ocrx_word' id='word_1_846' title='bbox 2445 5320 2588 5375; x_wconf 66' lang='lat' dir='ltr'><strong>Iuda</strong></span> <span class='ocrx_word' id='word_1_847' title='bbox 2613 5337 2702 5375; x_wconf 73' lang='lat' dir='ltr'><strong>rex</strong></span> <span class='ocrx_word' id='word_1_848' title='bbox 2724 5338 2885 5386; x_wconf 81' lang='lat' dir='ltr'><strong>meus,</strong></span> <span class='ocrx_word' id='word_1_849' title='bbox 2915 5319 3070 5374; x_wconf 61' lang='lat' dir='ltr'><strong>Raab</strong></span> <span class='ocrx_word' id='word_1_850' title='bbox 3094 5320 3227 5375; x_wconf 72' lang='lat' dir='ltr'><strong>lebes</strong></span> <span class='ocrx_word' id='word_1_851' title='bbox 3254 5322 3361 5389; x_wconf 76' lang='lat' dir='ltr'><strong>spei</strong></span> <span class='ocrx_word' id='word_1_852' title='bbox 3386 5337 3532 5375; x_wconf 70' lang='lat' dir='ltr'><strong>metu.</strong></span> 
     </span>
    </p>
   </div>
   <div class='ocr_carea' id='block_1_107' title="bbox 2000 5407 3533 5481">
    <p class='ocr_par' dir='ltr' id='par_1_107' title="bbox 2000 5407 3533 5481">
     <span class='ocr_line' id='line_1_107' title="bbox 2000 5407 3533 5481; baseline -0.003 -14"><span class='ocrx_word' id='word_1_853' title='bbox 2000 5412 2191 5467; x_wconf 71' lang='lat' dir='ltr'><strong>Iudam</strong></span> <span class='ocrx_word' id='word_1_854' title='bbox 2231 5427 2408 5481; x_wconf 81' lang='lat' dir='ltr'><strong>regem</strong></span> <span class='ocrx_word' id='word_1_855' title='bbox 2435 5427 2554 5467; x_wconf 83' lang='lat' dir='ltr'><strong>esse</strong></span> <span class='ocrx_word' id='word_1_856' title='bbox 2581 5407 2736 5466; x_wconf 87' lang='lat' dir='ltr'><strong>suum</strong></span> <span class='ocrx_word' id='word_1_857' title='bbox 2767 5410 2915 5465; x_wconf 87' lang='lat' dir='ltr'><strong>dicit.</strong></span> <span class='ocrx_word' id='word_1_858' title='bbox 2978 5410 3313 5467; x_wconf 71' lang='lat' dir='ltr'><strong>Manifestum</strong></span> <span class='ocrx_word' id='word_1_859' title='bbox 3354 5418 3533 5465; x_wconf 84' lang='lat' dir='ltr'><strong>autem</strong></span> 
     </span>
    </p>
   </div>
   <div class='ocr_carea' id='block_1_108' title="bbox 362 5486 2067 5570">
    <p class='ocr_par' dir='ltr' id='par_1_108' title="bbox 362 5486 2067 5569">
     <span class='ocr_line' id='line_1_108' title="bbox 362 5486 2067 5569; baseline 0.012 -29"><span class='ocrx_word' id='word_1_860' title='bbox 362 5486 570 5555; x_wconf 62' lang='grc' dir='ltr'>σιλεύς</span> <span class='ocrx_word' id='word_1_861' title='bbox 596 5509 735 5558; x_wconf 79' lang='grc' dir='ltr'>μου,</span> <span class='ocrx_word' id='word_1_862' title='bbox 770 5495 935 5546; x_wconf 77' lang='grc' dir='ltr'><strong>Μοὰϐ</strong></span> <span class='ocrx_word' id='word_1_863' title='bbox 964 5497 1143 5564; x_wconf 75' lang='grc' dir='ltr'>λέϐης</span> <span class='ocrx_word' id='word_1_864' title='bbox 1191 5499 1299 5568; x_wconf 83' lang='grc' dir='ltr'><strong>τῆς</strong></span> <span class='ocrx_word' id='word_1_865' title='bbox 1338 5499 1579 5565; x_wconf 66' lang='grc' dir='ltr'>ἐλπίδος</span> <span class='ocrx_word' id='word_1_866' title='bbox 1612 5521 1749 5569; x_wconf 83' lang='grc' dir='ltr'>μου.</span> <span class='ocrx_word' id='word_1_867' title='bbox 1797 5506 1899 5559; x_wconf 83' lang='grc' dir='ltr'><strong>Τὸν</strong></span> <span class='ocrx_word' id='word_1_868' title='bbox 2000 5516 2067 5560; x_wconf 79' lang='grc' dir='ltr'><strong>εει</strong></span> 
     </span>
    </p>
   </div>
   <div class='ocr_carea' id='block_1_109' title="bbox 1825 5486 3530 5570">
    <p class='ocr_par' dir='ltr' id='par_1_109' title="bbox 1825 5499 3530 5570">
     <span class='ocr_line' id='line_1_109' title="bbox 1825 5499 3530 5570; baseline -0.001 -13"><span class='ocrx_word' id='word_1_869' title='bbox 1825 5506 1899 5559; x_wconf 69' lang='grc' dir='ltr'><strong>ῗὸν</strong></span> <span class='ocrx_word' id='word_1_870' title='bbox 2000 5513 2083 5560; x_wconf 88' lang='lat' dir='ltr'><strong>est</strong></span> <span class='ocrx_word' id='word_1_871' title='bbox 2111 5504 2401 5559; x_wconf 89' lang='lat' dir='ltr'><strong>secundum</strong></span> <span class='ocrx_word' id='word_1_872' title='bbox 2435 5501 2765 5570; x_wconf 79' lang='lat' dir='ltr'><strong>Apostolum,</strong></span> <span class='ocrx_word' id='word_1_873' title='bbox 2811 5500 3142 5556; x_wconf 85' lang='lat' dir='ltr'><strong>Salvatorem</strong></span> <span class='ocrx_word' id='word_1_874' title='bbox 3168 5510 3221 5555; x_wconf 89' lang='lat' dir='ltr'><strong>et</strong></span> <span class='ocrx_word' id='word_1_875' title='bbox 3248 5499 3530 5567; x_wconf 77' lang='lat' dir='ltr'><strong>Dominum</strong></span> 
     </span>
    </p>
   </div>
   <div class='ocr_carea' id='block_1_110' title="bbox 374 5570 1898 5660">
    <p class='ocr_par' dir='ltr' id='par_1_110' title="bbox 374 5570 1898 5660">
     <span class='ocr_line' id='line_1_110' title="bbox 374 5570 1898 5660; baseline 0.012 -31"><span class='ocrx_word' id='word_1_876' title='bbox 374 5577 568 5631; x_wconf 87' lang='grc' dir='ltr'>Ἰούδαν</span> <span class='ocrx_word' id='word_1_877' title='bbox 610 5570 826 5647; x_wconf 80' lang='grc' dir='ltr'>βασιλέα</span> <span class='ocrx_word' id='word_1_878' title='bbox 852 5584 1039 5637; x_wconf 81' lang='grc' dir='ltr'>ἑαυτοῦ</span> <span class='ocrx_word' id='word_1_879' title='bbox 1077 5585 1231 5651; x_wconf 84' lang='grc' dir='ltr'>εἶναι,</span> <span class='ocrx_word' id='word_1_880' title='bbox 1264 5590 1426 5659; x_wconf 83' lang='grc' dir='ltr'>λέγει.</span> <span class='ocrx_word' id='word_1_881' title='bbox 1458 5592 1719 5660; x_wconf 84' lang='grc' dir='ltr'>Πρόδηλον</span> <span class='ocrx_word' id='word_1_882' title='bbox 1743 5594 1798 5645; x_wconf 83' lang='grc' dir='ltr'><strong>δὲ</strong></span> <span class='ocrx_word' id='word_1_883' title='bbox 1820 5596 1898 5648; x_wconf 82' lang='grc' dir='ltr'>ὅτι</span> 
     </span>
    </p>
   </div>
   <div class='ocr_carea' id='block_1_111' title="bbox 366 5668 1895 5755">
    <p class='ocr_par' dir='ltr' id='par_1_111' title="bbox 366 5668 1895 5755">
     <span class='ocr_line' id='line_1_111' title="bbox 366 5668 1895 5755; baseline 0.012 -37"><span class='ocrx_word' id='word_1_884' title='bbox 366 5668 500 5721; x_wconf 84' lang='grc' dir='ltr'><strong>κατά</strong></span> <span class='ocrx_word' id='word_1_885' title='bbox 523 5670 612 5721; x_wconf 77' lang='grc' dir='ltr'>τὸν</span> <span class='ocrx_word' id='word_1_886' title='bbox 652 5672 962 5728; x_wconf 80' lang='grc' dir='ltr'>Ἀπόστολον</span> <span class='ocrx_word' id='word_1_887' title='bbox 993 5679 1051 5744; x_wconf 76' lang='grc' dir='ltr'>ἐξ</span> <span class='ocrx_word' id='word_1_888' title='bbox 1094 5682 1257 5736; x_wconf 83' lang='grc' dir='ltr'>Ἰούδα</span> <span class='ocrx_word' id='word_1_889' title='bbox 1284 5682 1635 5737; x_wconf 82' lang='grc' dir='ltr'>ἀνατέταλκεν</span> <span class='ocrx_word' id='word_1_890' title='bbox 1657 5685 1685 5736; x_wconf 84' lang='grc' dir='ltr'><strong>ὁ</strong></span> <span class='ocrx_word' id='word_1_891' title='bbox 1710 5675 1895 5755; x_wconf 78' lang='grc' dir='ltr'>Σωτήρ</span> 
     </span>
    </p>
   </div>
   <div class='ocr_carea' id='block_1_112' title="bbox 434 5824 873 5887">
    <p class='ocr_par' dir='ltr' id='par_1_112' title="bbox 434 5824 873 5887">
     <span class='ocr_line' id='line_1_112' title="bbox 434 5824 873 5887; baseline 0.016 -12"><span class='ocrx_word' id='word_1_892' title='bbox 434 5824 479 5855; x_wconf 85' lang='grc'><strong>⁸³</strong></span> <span class='ocrx_word' id='word_1_893' title='bbox 518 5824 700 5879; x_wconf 80' lang='lat' dir='ltr'><strong>Matth.</strong></span> <span class='ocrx_word' id='word_1_894' title='bbox 741 5844 788 5887; x_wconf 81' lang='grc' dir='ltr'><strong>ν,</strong></span> <span class='ocrx_word' id='word_1_895' title='bbox 822 5828 873 5882; x_wconf 88' lang='grc'><strong>8.</strong></span> 
     </span>
    </p>
   </div>
   <div class='ocr_carea' id='block_1_113' title="bbox 1966 5587 3529 5665">
    <p class='ocr_par' dir='ltr' id='par_1_113' title="bbox 1966 5587 3529 5665">
     <span class='ocr_line' id='line_1_113' title="bbox 1966 5587 3529 5665; baseline -0.006 -12"><span class='ocrx_word' id='word_1_896' title='bbox 1966 5650 1969 5653; x_wconf 32' lang='grc' dir='ltr'><strong><em>γ</em></strong></span> <span class='ocrx_word' id='word_1_897' title='bbox 2003 5601 2242 5649; x_wconf 87' lang='lat' dir='ltr'><strong>nostrum</strong></span> <span class='ocrx_word' id='word_1_898' title='bbox 2280 5592 2459 5649; x_wconf 83' lang='lat' dir='ltr'><strong>Jesum</strong></span> <span class='ocrx_word' id='word_1_899' title='bbox 2489 5592 2760 5646; x_wconf 85' lang='lat' dir='ltr'><strong>Christum</strong></span> <span class='ocrx_word' id='word_1_900' title='bbox 2795 5598 3041 5647; x_wconf 79' lang='lat' dir='ltr'><strong>exortum</strong></span> <span class='ocrx_word' id='word_1_901' title='bbox 3069 5601 3192 5647; x_wconf 73' lang='lat' dir='ltr'><strong>esse</strong></span> <span class='ocrx_word' id='word_1_902' title='bbox 3219 5587 3470 5665; x_wconf 27' lang='lat' dir='ltr'><strong>exvluda,</strong></span> <span class='ocrx_word' id='word_1_903' title='bbox 3501 5608 3529 5644; x_wconf 86' lang='lat' dir='ltr'><strong>a</strong></span> 
     </span>
    </p>
   </div>
   <div class='ocr_carea' id='block_1_114' title="bbox 2002 5681 3530 5754">
    <p class='ocr_par' dir='ltr' id='par_1_114' title="bbox 2002 5681 3530 5754">
     <span class='ocr_line' id='line_1_114' title="bbox 2002 5681 3530 5754; baseline -0.002 -16"><span class='ocrx_word' id='word_1_904' title='bbox 2002 5696 2106 5754; x_wconf 85' lang='lat' dir='ltr'><strong>quo</strong></span> <span class='ocrx_word' id='word_1_905' title='bbox 2156 5684 2357 5754; x_wconf 83' lang='lat' dir='ltr'><strong>regium</strong></span> <span class='ocrx_word' id='word_1_906' title='bbox 2406 5698 2581 5753; x_wconf 80' lang='lat' dir='ltr'><strong>genus</strong></span> <span class='ocrx_word' id='word_1_907' title='bbox 2628 5683 2991 5740; x_wconf 83' lang='lat' dir='ltr'><strong>constitutum</strong></span> <span class='ocrx_word' id='word_1_908' title='bbox 3011 5686 3113 5739; x_wconf 82' lang='lat' dir='ltr'><strong>est.</strong></span> <span class='ocrx_word' id='word_1_909' title='bbox 3162 5684 3222 5737; x_wconf 82' lang='lat' dir='ltr'><strong>In</strong></span> <span class='ocrx_word' id='word_1_910' title='bbox 3263 5681 3351 5739; x_wconf 84' lang='lat' dir='ltr'><strong>his</strong></span> <span class='ocrx_word' id='word_1_911' title='bbox 3401 5683 3530 5738; x_wconf 75' lang='lat' dir='ltr'><strong>item</strong></span> 
     </span>
    </p>
   </div>
  </div>
