4318 6400
780 492 906 545 1531

1383 494 1649 551 EUSEBll
1688 491 2159 551 CASSARIENSIS
2195 490 2343 547 OPP.
2386 487 2562 543 PARS
2601 485 2685 542 ιιι.
2714 517 2783 528 -
2825 484 3226 542 EXEGETICA.

3842 483 3981 549 ηδε

779 622 955 662 sermo
984 604 1232 678 Ephraim
1260 620 1310 665 et
1333 608 1525 666 Judam
1556 623 1828 679 recenset;
1866 612 2120 683 quoniam
2151 619 2319 669 totum
2352 617 2394 671 Α
2423 626 2484 661 κα

2275 626 2319 663 ru
2352 617 2394 671 Α
2423 609 2516 661 καὶ
2544 607 2742 678 Κύριος
2775 606 2930 678 ἡμῶν
2972 604 3176 678 Ἰησοῦς
3201 606 3451 677 Χριστὸς,
3482 604 3541 671 ἐξ
3569 596 3630 671 οὗ
3663 592 3980 673 συνέστη.τό

778 696 1082 752 Iudaeorum
1117 714 1281 770 genus
1325 701 1452 755 olim
1506 702 1562 757 in
1586 702 1693 757 duo
1745 718 1908 773 regna
1956 702 2327 767 dividebatur;

779 788 1081 844 vaticinans
1123 806 1228 845 non
1272 790 1414 845 ultra
1470 790 1704 846 futuram
1752 792 2061 863 hujusmodi
2108 791 2329 847 divisio-

781 893 903 932 nem
948 894 1087 943 esse,
1129 880 1222 937 sed
1271 883 1438 937 totius
1492 883 1665 953 gentis
1717 884 2171 953 coniunctionem.
2206 883 2330 937 Haec

782 984 943 1038 porro
972 972 1236 1042 completa
1266 982 1394 1028 sunt
1428 973 1481 1027 in
1514 973 1747 1051 adventu
1788 974 1998 1030 Domini
2041 984 2094 1029 et
2138 972 2330 1029 Serva-

782 1062 916 1118 toris
942 1066 1113 1131 nostri
1148 1062 1279 1120 Jesu
1319 1065 1541 1123 Christi.
1588 1067 1665 1123 Eo
1698 1070 1896 1139 quippe
1940 1076 2177 1137 tempore
2210 1067 2330 1121 uni-

752 1171 934 1211 versa
980 1172 1114 1229 gens
1164 1155 1471 1213 Iudaeorum
1522 1160 1578 1215 in
1621 1176 1787 1214 unum
1848 1160 2099 1224 redacta,
2155 1172 2328 1228 neque

783 1247 921 1301 ultra
974 1249 1029 1302 in
1090 1263 1254 1319 regna
1307 1248 1413 1305 duo
1450 1250 1788 1306 divisa-fuit.
1838 1252 2175 1321 Quapropter
2212 1249 2327 1319 pari

782 1335 991 1391 ratione
1034 1334 1285 1391 Servator
1315 1337 1659 1410 Evangelium
1708 1340 1857 1409 regni
1911 1339 2231 1410 praedicabat
2275 1345 2329 1394 et

782 1427 836 1480 in
878 1442 1066 1487 omnes
1094 1428 1272 1484 tribus
1321 1445 1506 1486 eorum
1558 1433 1849 1502 discipulos
1891 1433 2134 1487 mittebat
2176 1448 2324 1488 suos.

781 1515 923 1571 Juda
950 1533 1042 1572 rea:
1078 1535 1237 1582 meus,
1267 1518 1423 1574 Moab
1444 1521 1577 1576 lebes
1612 1523 1719 1590 spei
1745 1539 1889 1579 mete.
1925 1522 2057 1579 Cum
2082 1524 2145 1577 hin
2159 1537 2327 1594 porro

2432 698 2697 770 βασίλειον
2729 696 2902 764 γένος.
2949 696 3175 765 Συνάγει
3205 695 3262 749 δὲ
3296 698 3354 748 ἐν
3386 695 3663 769 τούτοιςΙὸ
3690 692 3846 760 λόγος
3887 693 3980 760 τδν

2440 788 2671 861 Ἐφραῒμ
2688 788 2884 842 καὶτὸν
2910 786 3126 851 Ἰούδαν,
3142 786 3326 858 ἐπειδὴ
3338 786 3400 839 τδ
3415 784 3638 839 παλαιὸν
3665 784 3900 858 διῃρεῖτο
3919 784 3985 839 τὸ

2429 882 2535 933 πᾶν
2574 880 2836 933 Ἰουδαίων
2869 877 3019 942 ἔθνος
3060 880 3139 942 είς
3167 877 3259 931 δύο
3306 864 3597 947 βασιλείας,
3627 872 3982 947 προφητεύων

2432 971 2623 1042 μηκέτι
2672 969 2885 1024 ἔσεσθαι
2923 969 3020 1041 τὴν
3061 968 3335 1022 διάστασιν
3364 966 3588 1036 ταύτην,
3630 964 3744 1019 ἀλλ’
3789 963 3987 1019 ἐνωσιν.

2426 1060 2519 1114 τοῦ
2549 1062 2746 1123 παντὸς
2780 1058 2981 1123 ἔθνους.
3026 1057 3375 1129 ἘιττληροῦτοΔ
3402 1056 3458 1109 δὲ
3492 1056 3588 1121 καὶ
3630 1054 3799 1109 ταῦτα
3840 1052 3980 1107 κατὰ

2426 1151 2521 1223 τὴν
2549 1151 2865 1218 ἐπιφάνειαν
2890 1147 2983 1223 τοῦ
3007 1148 3211 1218 Κυρίου
3236 1148 3327 1200 καὶ
3345 1146 3592 1217 Σωτῆρος
3622 1144 3776 1216 ἡμῶν
3808 1143 3980 1215 Ἰησοῦ

2426 1222 2678 1312 Χριστοῦ.
2717 1242 2927 1295 ’Ήνωτο
2946 1222 3075 1308 γοῦν
3095 1240 3212 1292 κατ’
3236 1237 3475 1301 ἐκείνους
3504 1238 3629 1301 τοὺς
3662 1236 3882 1309 χρόνους
3918 1236 3981 1291 τὺ

2426 1335 2534 1387 πᾶν
2572 1333 2722 1396 ἔθνος
2770 1331 2875 1385 τῶν
2918 1330 3203 1395 Ἰουδαίων,
3247 1330 3425 1383 οὐκέτι
3472 1330 3536 1383 ἐκ
3576 1328 3669 1382 δύο
3699 1327 3977 1399 βασιλειῶν

2423 1423 2781 1496 διῃρημένων.
2816 1422 2907 1477 Διὸ
2951 1422 3046 1475 καὶ
3072 1422 3270 1493 ὁμοίως
3296 1422 3588 1492 ἐκήρυττεν
3626 1422 3654 1474 6
3694 1419 3880 1493 Σωτὴρ
3917 1420 3979 1473 τὸ

2425 1496 2750 1582 Εὐαγγέλιω
2780 1514 2877 1584 τῆς
2907 1511 3198 1583 βασιλείας,
3238 1510 3331 1565 καὶ
3359 1512 3438 1573 είς
3470 1511 3645 1575 πάσας
3668 1508 3770 1574 τὰς
3807 1508 3975 1579 φυλὰς

782 1609 975 1679 iuquit,
1007 1608 1060 1662 in
1092 1611 1279 1679 primis
1305 1620 1358 1667 et
1382 1614 1435 1666 in
1462 1614 1725 1683 principio
1753 1614 2047 1670 vocationis
2090 1616 2324 1686 suscepti
2426 1606 2487 1660 αὖ

2272 1616 2324 1669 »ιί
2426 1605 2604 1660 αὐτῶν
2630 1606 2754 1669 τοὺς
2789 1604 2983 1663 ἑαυτοῦ
3019 1596 3264 1681 μαθητὰς
3300 1602 3694 1667 ἐξαπέστειλεν.
3753 1600 3977 1667 Ἰούδας

711 1703 717 1711 ’
785 1698 1020 1763 fuerint;
1069 1715 1175 1753 non
1234 1708 1413 1755 tamen
1466 1702 1775 1771 alienigenae
1822 1704 1895 1756 illi
1925 1704 2136 1773 pejores
2177 1718 2208 1757 a
2240 1720 2323 1759 me

2267 1720 2323 1759 ne
2418 1698 2714 1763 ,ϐασιλεύς
2756 1694 2909 1766 μου,
2949 1696 3128 1751 Μωὰϐ
3172 1693 3353 1761 λέϐης
3414 1693 3526 1762 τῆς
3564 1692 3809 1760 ἐλπίδος
3836 1709 3972 1782 μου.

786 1790 946 1845 alieni
973 1799 1164 1859 erunt;
1197 1793 1290 1849 sed
1322 1796 1485 1849 etiam
1508 1794 1681 1863 ipsum
1712 1794 1883 1859 Moab,
1915 1796 2001 1850 cui
2032 1796 2159 1850 olim
2186 1798 2324 1852 veti-
2426 1790 2491 1842 TC

2269 1798 2324 1850 .i-
2426 1789 2639 1843 Τούτων
2668 1790 2742 1855 δὲ,
2768 1791 2951 1861 φησὶν,
2978 1790 3036 1843 ἐν
3061 1786 3295 1859 πρώτοις
3318 1787 3422 1839 ⁴καὶ
3451 1787 3508 1839 ἐν
3551 1787 3692 1856 ἀρχῇ
3723 1786 3819 1856 τῆς
3844 1784 3974 1856 κλήο

786 1888 900 1933 ιυιη
951 1879 1018 1934 ad
1066 1879 1359 1941 Ecclesiam
1404 1881 1615 1937 Domini
1654 1884 1932 1949 accedere,
1969 1885 2245 1939 admittam
2274 1893 2329 1941 et
2428 1896 2491 1933 de

2274 1893 2329 1941 et
2428 1896 2564 1944 σεως
2616 1880 3182 1952 παραλαμϐανομένων
3199 1920 3214 1946 ,
3260 1878 3379 1932 ούδέ
3418 1878 3467 1931 οἱ
3512 1876 3618 1930 τῶν
3642 1942 3645 1943 ν
3669 1876 3975 1946 ἀλλοφύλων

780 1970 1076 2041 excipiam:
1131 1972 1184 2027 id
1242 1973 1385 2049 enim
1435 1988 1614 2042 spero.
1640 1972 1794 2026 Moab
1841 1974 1971 2029 lebes
2030 1977 2137 2043 spei
2182 1992 2330 2049 meae.
2360 1970 2405 2025 B
2432 1991 2485 2045 χε

2269 1992 2330 2049 αξ,
2360 1970 2405 2025 Β
2432 1973 2641 2045 χείρους
2666 1973 2929 2044 ἀλλότριοι
2954 1990 3053 2043 μου
3082 1971 3520 2047 καταστήσονται,
3545 1967 3678 2022 ἀλλὰ
3701 1967 3795 2022 καὶ
3820 1964 3974 2020 αὐτὸν

780 2059 1014 2137 (Ιιιπίιιιι¹
1046 2069 1227 2117 autem
1276 2047 1331 2117 et
1379 2052 1617 2132 apertius
1666 2062 1783 2118 haec
1829 2064 2160 2135 interpretati
2208 2047 2335 2121 sunt

778 2150 970 2220 Aquila
1001 2159 1055 2208 et
1081 2153 1269 2224 quinta
1294 2152 1480 2219 editio,
1508 2153 1593 2209 his
1615 2154 1807 2219 verbis,
1833 2154 1989 2210 Moab
2023 2158 2152 2212 labes
2190 2158 2334 2213 lava-

780 2246 855 2297 cri
906 2246 1043 2309 mei;
1093 2240 1146 2300 id
1184 2252 1286 2309 est,
1327 2246 1708 2316 receptaculum
1748 2248 1945 2303 lavacri
1994 2250 2128 2313 mei;
2177 2248 2334 2321 Sym-

780 2334 1003 2392 machus
1061 2322 1209 2405 vero,
1240 2334 1385 2401 Erit,
1424 2336 1619 2406 inquit,
1652 2335 1808 2391 Moab
1843 2327 1991 2392 'lebes
2036 2340 2330 2393 securitatis

779 2440 925 2477 mete.
962 2422 1160 2501 Verum
1212 2418 1428 2480 memini
1464 2425 1738 2481 audivisse
1761 2441 1849 2481 me
1874 2442 1904 2481 a
1944 2426 2174 2495 quodam
2220 2427 2328 2483 He-

778 2514 946 2577 braeo,
979 2515 1081 2570 sub
1108 2524 1317 2570 secreto
1347 2515 1403 2569 in
1424 2515 1537 2570 htec
1565 2516 1681 2570 loca
1706 2516 2025 2572 sententiam
2049 2517 2324 2574 tradente:

781 2607 871 2676 qui
893 2606 979 2660 his
1008 2606 1233 2677 mystice
1256 2605 1518 2662 declarari
1541 2607 1757 2663 dicebat
1788 2606 1987 2664 Christi
2022 2610 2324 2679 generatio-

781 2712 901 2751 nem
952 2697 1247 2751 secundum
1291 2712 1533 2763 carnem,
1554 2713 1718 2769 quam
1758 2713 1788 2752 a
1818 2713 2012 2769 genere
2042 2698 2198 2753 Moab
2233 2714 2327 2769 per

781 2787 926 2842 Ruth
948 2787 1288 2865 Moabitidem
1308 2781 1621 2859 assumpsit,
1641 2788 2105 2859 exqua‘oriundus
2127 2797 2209 2843 est
2234 2804 2327 2843 rex

781 2877 969 2942 David,
1026 2880 1182 2948 cujus
1236 2894 1303 2935 ex
1350 2881 1554 2936 semine
1594 2880 1843 2935 Christus
1877 2879 1973 2935 Dei
2029 2878 2323 2935 secundum

782 2982 999 3023 carnem
1025 2969 1239 3040 genitus
1270 2977 1371 3033 est,
1407 2970 1499 3039 qui
1529 2969 1689 3023 etiam
1719 2970 1784 3023 ad
1810 2967 2034 3023 Joannis
2060 2968 2326 3037 baptisma

780 3067 835 3115 et
882 3060 949 3115 ad
991 3058 1265 3114 lavacrum
1296 3059 1548 3115 .Iordanis
1580 3059 1830 3115 accessit.
1866 3058 2021 3113 Moab
2051 3058 2181 3117 lebes
2215 3061 2325 3128 spei

781 3162 925 3202 mete.
958 3146 1053 3201 His
1097 3163 1329 3218 quoque.
1377 3156 1433 3202 ut
1464 3136 1674 3203 videtur
1699 3148 1850 3212 mihi,
1886 3148 2056 3219 gratia
2088 3148 2325 3203 vocatio-

780 3238 868 3293 nis
908 3238 1063 3292 Moab
1099 3252 1129 3291 a
1162 3237 1272 3292 Deo
1329 3239 1677 3314 promittitur,
1712 3252 1819 3292 non
1853 3240 1960 3294 alio
1983 3239 2327 3307 modo-perae.

2433 2066 2631 2119 ἐκεῖνον
2664 2064 2751 2119 τὸν
2787 2064 2979 2127 Μωὰό,
3007 2063 3099 2117 τὸν
3143 2061 3579 2133 ἀπηγορευμένον
3618 2058 3975 2130 παραϐάλλειν
4032 2118 4037 2121 ,

2431 2159 2510 2220 είς
2545 2156 2863 2227 Ἐκκλησίαν
2884 2156 3086 2228 Κυρίου
3115 2154 3489 2227 προσλήψομαι
3519 2152 3611 2207 καὶ
3634 2149 3974 2220 ὑποδέξομαι.

2431 2246 2598 2300 Τοῦτο
2637 2247 2742 2317 γὰρ
2777 2246 2995 2309 ἐλπίζω.
3023 2245 3207 2299 Mutati"
3225 2243 3405 2312 λέϐης
3432 2242 3542 2311 τῆς
3564 2240 3807 2306 ἐλπίδος
3836 2257 3971 2309 μου.

2430 2336 2755 2406 Λευκότερον
2778 2335 2835 2395 δὲ
2865 2334 2957 2388 καὶ
2984 2334 3305 2406 σαφέστερον
3327 2333 3424 2404 τὴν
3451 2332 3682 2386 διάνοιαν
3706 2330 3977 2402 ἡρμήνευ-

2430 2444 2519 2479 σεν
2545 2428 2573 2479 6
2608 2425 2835 2488 Ἀκύλας
2882 2425 2977 2478 καὶ
3013 2427 3046 2495 ἡ
3087 2425 3308 2495 πέμπτη
3346 2424 3580 2487 ἐκδοσις’
3626 2423 3753 2492 παρ’
3782 2415 3863 2483 οἷς
3898 2420 3973 2473 εί-

2428 2537 2608 2591 ρηται,
2635 2518 2814 2572 Μωὰϐ
2831 2516 3010 2585 λέϐης
3025 2515 3131 2569 τοῦ
3147 2514 3400 2583 λουτροῦ
3416 2532 3553 2583 μου,
3581 2512 3849 2572 τουτέστι,
3878 2509 3975 2563 60-

2426 2610 2588 2678 χεῐον
2632 2610 2739 2664 τοῦ
2778 2606 3033 2675 λουτροῦ
3061 2623 3205 2674 μου·
3235 2607 3263 2658 6
3295 2605 3352 2658 δὲ
3396 2603 3706 2675 Σύμμαχος,
3742 2603 3973 2664 Ἔσται,

2426 2702 2607 2770 φησὶν,
2655 2705 2688 2756 d
2736 2702 2914 2755 Μωὰϐ
2959 2699 3143 2767 λέϐης
3198 2697 3541 2767 ἀμεριμνίας
3575 2713 3709 2765 μου.
3757 2689 3887 2746 Οἶδα
3916 2691 3982 2747 δὲ.

2424 2788 2534 2859 ἐγὼ
2573 2791 2807 2854 ἀκούσας
2834 2790 2988 2858 λόγον
3018 2791 3074 2843 ἐν
3098 2790 3390 2861 ἀπορρήτῳ
3417 2784 3843 2858 παραδεδομένον
3869 2780 3975 2835 ὐπύ

2421 2899 2564 2944 τινος
2591 2880 2937 2954 Ἑϐραίουεὶς
2956 2881 3080 2944 τοὺς
3098 2880 3293 2943 τόπους
3312 2897 3326 2910 ·
3353 2877 3627 2950 μυστικῶς⁴
3642 2876 3748 2946 γὰρ
3773 2872 3974 2942 ἔφασκε

2422 2972 2704 3045 δηλοῦσθαι
2736 2972 2824 3027 διὰ
2859 2973 2967 3026 τῶν
3000 2972 3367 3043 προκειμένων
3392 2970 3490 3041 τὴν
3513 2967 3649 3022 κατὰ
3678 2967 3854 3038 σάρκα
3878 2962 3972 3053 τοῦ

2421 3066 2653 3136 Χριστοῦ
2693 3065 2940 3136 γέννησιν
2966 3063 3072 3117 ἀπὺ
3110 3062 3211 3116 ⁴τοῦ
3255 3061 3441 3130 γένους
3463 3058 3556 3112 τοῦ
3597 3055 3769 3112 Μωᾶὅ
3802 3070 3975 3123 παρα-

2421 3154 2713 3225 ληφθεῖσαν
2749 3154 2838 3209 διὰ
2874 3155 2972 3225 τὴν
3016 3153 3292 3210 Μωαϐῖτιν
3332 3149 3507 3215 Ῥοὺθ,
3549 3150 3640 3217 ἀφ’
3665 3143 3733 3220 ἧς
3767 3148 3973 3216 γίνεται

2422 3248 2517 3302 καὶ
2539 3245 2696 3300 Δαυῒδ
2713 3249 2741 3300 ὁ
2767 3246 3032 3315 βασιλεὺς,
3062 3240 3121 3300 οῦ
3142 3248 3205 3299 ἐκ
3226 3244 3531 3315 σπέρματος
3553 3241 3614 3293 τὸ
3637 3238 3777 3293 κατὰ
3799 3239 3974 3310 σάρκα

779 3327 974 3399 genda,
996 3328 1097 3383 nisi
1118 3342 1213 3398 per
1226 3329 1493 3407 lavacrum
1512 3328 1952 3398 regenerationis.
1972 3328 2105 3382 Cum
2136 3323 2325 3384 Moabo
2349 3315 2391 3372 (ἒ
2423 3340 2451 3391 ὁ
2478 3338 2484 3389 ζ

2268 3336 2325 3384 ῠο
2349 3315 2391 3372 c
2423 3340 2451 3391 6
2478 3337 2705 3408 Χριστὸς
2734 3336 2827 3390 τοῦ
2848 3336 2986 3393 Θεοῦ,
3016 3338 3349 3406 γεγέννηται,
3383 3337 3411 3388 6
3438 3333 3530 3387 καὶ
3559 3332 3649 3385 ἐπὶ
3670 3329 3761 3383 τοῦ
3798 3330 3973 3385 Ἰωάν-

780 3420 910 3474 talia
948 3419 1213 3496 promissa
1250 3419 1376 3482 sint,
1405 3419 1556 3489 paria
1583 3419 1649 3473 de
1688 3418 1911 3488 reliquis
1958 3418 2204 3487 gentibus
2230 3433 2323 3473 co—

781 3510 996 3581 gitanda
1040 3510 1195 3567 nobis
1231 3511 1505 3581 relinquit.
1541 3508 1680 3563 Nam
1701 3525 1823 3565 cum
1854 3510 2135 3580 prophetia
2177 3508 2323 3563 Moa-

782 3602 922 3657 bitas
963 3601 1228 3675 admittat,
1278 3602 1370 3672 qui
1416 3601 1543 3657 olim
1603 3601 1891 3671 proscripti
1938 3609 2123 3665 erant;
2154 3600 2325 3654 mani-

782 3686 976 3749 festum
1004 3702 1089 3751 est
1121 3709 1218 3771 per
1251 3695 1369 3749 illos
1393 3693 1604 3748 caeteris
1634 3692 1759 3747 item
1792 3692 2040 3762 gentibus
2069 3706 2191 3747 eum
2226 3692 2325 3748 bo-

782 3798 906 3837 nam
933 3800 1080 3854 spem
1107 3784 1394 3840 ascribere.

2426 3444 2513 3480 vou
2555 3427 2833 3497 βάπτισμα
2871 3428 2963 3480 καὶ
2988 3428 3049 3480 τὸ
3084 3427 3300 3498 λουτρὸν
3332 3426 3392 3478 τὸ
3421 3426 3479 3477 ἐν
3506 3423 3583 3493 τῷ
3618 3408 3851 3493 Ἰορδάνῃ
3875 3436 3977 3473 πα-

2426 3517 2744 3588 ρεληλυθώς.
2792 3517 2972 3571 Μωὰϐ
2999 3517 3179 3584 λέϐης
3228 3514 3337 3583 τῆς
3367 3514 3611 3579 ἐλπίδος
3637 3528 3779 3582 μου.
3821 3509 3978 3565 Δοκεῖ

2428 3626 2515 3679 μοι
2538 3611 2566 3662 6
2593 3610 2722 3673 Θεὸς
2754 3609 2841 3663 διὰ
2876 3610 3075 3663 τούτων
3120 3609 3212 3663 καὶ
3246 3607 3324 3677 τῷ
3348 3604 3518 3659 Μωὰὸ
3556 3598 3976 3671 ἐπαγγέλλεσθαι

2424 3699 2521 3768 τὴν
2549 3700 2704 3771 χάριν
2723 3694 2821 3770 τῆς
2851 3699 3110 3772 κλήσεως,
3140 3698 3237 3751 οὐκ
3259 3696 3429 3758 ἄλλως
3450 3693 3482 3764 ἢ
3506 3692 3592 3746 διὰ
3616 3691 3713 3760 τῆς
3733 3688 3826 3742 τοῦ
3859 3686 3967 3739 λου-

2425 3790 2554 3860 τροῦ
2589 3791 3019 3859 παλιγγενεσίας.
3058 3787 3303 3841 Ἐπειδὰν
3334 3785 3389 3837 δὲ
3429 3783 3506 3852 τῷ
3546 3781 3717 3837 Μωὰϐ
3746 3775 3968 3835 ,τοιαῦτεπ

733 3873 738 3878 ’
783 3877 1193 3947 ἐπαγγέλληται,
1218 3879 1348 3946 ἡμῖν
1368 3876 1762 3945 καταλιμπάνει
1785 3876 1921 3927 νοεῖν
1950 3874 2042 3928 καὶ
2066 3874 2191 3943 περὶ
2220 3876 2326 3929 τῶν
2353 3877 2547 3933 λοιπῶν
2574 3881 2738 3935 ἐθνῶν
2765 3880 2834 3935 τὰ
2868 3877 3045 3951 ὃμοια.
3106 3881 3233 3929 Ὅτε
3287 3877 3394 3947 γὰρ
3432 3878 3465 3945 ἡ
3507 3870 3804 3943 προφητεία
3853 3868 3966 3929 τοὶ,

781 3965 1406 4038 Μωαϐίταςνπροσιεται,
1454 3968 1579 4047 τοαὺς
1625 3966 1788 4020 πάλαι
1835 3966 2327 4038 ἀπηγορευμένους,
2356 3971 2531 4042 δῆλον,
2562 3976 2643 4028 ὅτι
2684 3975 2749 4028 δι’
2800 3976 3015 4029 ἐκείνων
3056 3973 3150 4025 καὶ
3194 3972 3305 4033 τοῖς
3342 3969 3541 4030 λοιποῖς
3589 3966 3792 4019 ἔθνεσιν
3838 3963 3975 4030 ἀγαι

785 4058 880 4122 ea;
907 4060 1121 4122 ἐλπίδας
1145 4061 1465 4130 ὑπογράφει.

852 4148 1015 4202 νεεδ.
1043 4150 1218 4203 ιι-ιι.
1244 4148 1307 4202 In
1328 4148 1617 4205 Idumwam
1632 4152 1911 4205 extendam
1932 4153 2334 4209 calceamentum

666 4262 669 4265 λ
783 4244 974 4306 meum,
1005 4240 1130 4309 mihi
1166 4240 1464 4313 alienigenis
1484 4241 1677 4295 subditi
1695 4224 1984 4308 sunt.'Quis
2011 4246 2224 4299 deducet
2256 4262 2335 4301 me

787 4336 839 4385 in
885 4333 1143 4385 civitatem
1183 4332 1515 4407 munitionis;
1541 4342 1632 4385 aut
1665 4334 1778 4402 quis
1811 4333 2024 4407 deducet
2051 4353 2131 4392 me
2161 4335 2333 4408 usque

785 4424 841 4475 in
880 4421 1211 4478 Idumwam?
1255 4422 1438 4476 Nonne
1473 4435 1549 4486 tu,
1592 4424 1681 4493 qui
1717 4425 1953 4492 repulisti
1985 4444 2111 4491 nos,
2149 4439 2197 4482 et
2231 4446 2332 4483 non

787 4516 1081 4583 egredieris,
1146 4514 1302 4578 Deus,
1350 4515 1407 4567 in
1460 4514 1735 4569 virtutibus
1775 4504 2010 4572 uestris?
2058 4517 2142 4571 Da
2186 4520 2330 4573 nobis

2515 4153 2637 4205 Ἐπὶ
2668 4151 2781 4220 τὴν
2817 4150 3140 4217 Ἰδουμαίαν
3159 4147 3415 4200 ἐπιϐαλῶ
3439 4151 3504 4197 τὸ
3539 4144 3817 4212 ὑπόδημα
3837 4160 3975 4212 μου,

2433 4241 2558 4310 ἐμοὶ
2587 4241 2920 4308 ἀλλόφυλοι
2964 4236 3364 4305 ὑπετάγησαν.
3411 4234 3505 4299 Τίς
3545 4232 3756 4297 ἀπάξει
3789 4250 3860 4302 με
3893 4236 3969 4298 εὶς

2435 4333 2612 4384 πόλιν
2635 4327 2935 4398 περιοχῆς,
2958 4327 2995 4395 ἢ
3024 4328 3115 4391 τίς
3132 4326 3411 4394 ὁδηγήσει
3437 4341 3511 4393 με
3529 4324 3638 4388 ἕως
3665 4322 3775 4391 τῆς
3810 4323 3974 4378 Ἰδου-

2429 4421 2609 4490 μαίας
2629 4419 2813 4488 ξούχὶ
2842 4421 2874 4472 ό
2900 4417 3284 4485 ἀπωσάμενος
3307 4413 3481 4484 ἡμᾶς,
3497 4413 3592 4499 καὶ
3613 4415 3722 4466 οὐκ
3744 4412 3980 4476 ἐξελεύ-

2435 4527 2538 4581 σῃ,
2573 4515 2603 4564 ό
2630 4511 2793 4574 Θεὸς,
2822 4511 2891 4563 ἐν
2936 4508 3063 4574 ταῖς
3088 4506 3411 4574 δυνάμεσιν
3450 4503 3651 4572 medias;
3695 4500 3803 4567 Δὸς
3839 4500 3991 4569 ἡμῖν

789 4607 1042 4660 auxilium
1080 4607 1142 4661 de
1177 4606 1529 4673 tribulatione,
1557 4617 1607 4661 et
1635 4624 1767 4661 uana
1792 4609 1939 4665 salus
1971 4609 2213 4667 hominis.
2265 4610 2331 4664 In
2363 4633 2405 4685 υ
2430 4605 2494 4667 β(

2274 4610 2331 4664 In
2363 4633 2405 4685 υ
2430 4603 2716 4669 βοήθειαν
2740 4602 2808 4655 ἐκ
2833 4601 3105 4669 θλίψεως,
3133 4598 3227 4649 καὶ
3246 4596 3461 4665 ματαία
3483 4592 3738 4660 σωτηρία
3755 4590 3979 4685 *ἀνθρω-

790 4699 895 4751 Deo
928 4698 1178 4767 faciemus
1219 4700 1480 4762 virtutem,
1514 4708 1564 4750 et
1600 4692 1708 4766 ipse
1745 4699 1813 4751 ad
1849 4699 2070 4753 nihilum
2120 4699 2337 4762 deducet,

790 4789 1097 4842 tribulantes
1124 4804 1237 4842 nos.
1268 4787 1325 4842 ιο
1354 4797 1457 4853 est,
1482 4788 1783 4843 Ascendam
1812 4800 1865 4843 et
1889 4791 2175 4845 ambulabo
2196 4792 2334 4847 inter

790 4889 996 4949 gentes.
1026 4877 1243 4932 Idumaei
1275 4893 1506 4949 namque
1537 4879 1604 4933 ab
1641 4878 1781 4934 Esau
1813 4881 1903 4936 illo
1924 4896 2091 4936 exoso
2119 4882 2331 4936 oriundi

792 4979 964 5031 erant,
990 4970 1056 5023 de
1080 4983 1190 5039 quo
1218 4968 1418 5023 dictum
1447 4978 1530 5027 est
1572 4991 1585 5022 :
1633 4968 1820 5026 Nonne
1847 4972 2010 5039 frater
2038 4982 2151 5027 erat
2190 4972 2334 5026 Esau

792 5059 1112 5120 lacob.dicit
1127 5061 1381 5115 Dominus
1397 5062 1478 5116 ⁸³⁴ί
1526 5072 1578 5117 et
1601 5062 1764 5116 Jacob
1790 5064 1972 5129 dilexi,
1996 5064 2139 5125 Esau
2162 5074 2332 5119 autem

793 5152 909 5205 odio
927 5152 1159 5207 habui”.
1185 5152 1476 5207 Extenda‘m
1494 5153 1672 5223 igitur,
1692 5158 1882 5226 inquit,
1914 5157 2335 5211 calceamentum

795 5256 993 5303 meum,
1017 5257 1123 5294 non
1147 5243 1376 5311 amplius
1425 5243 1480 5296 in
1510 5243 1691 5307 Israel,
1722 5262 1829 5300 non
1870 5248 1922 5300 in
1962 5245 2196 5301 Iudaeam
2228 5255 2338 5301 ter-

797 5348 929 5395 ram,
958 5346 1065 5385 non
1095 5331 1147 5383 in
1176 5330 1504 5404 Jerosolyma
1534 5344 1761 5399 tantum,
1800 5338 1891 5392 scd
1920 5339 1973 5392 in
1996 5338 2137 5391 illam
2164 5339 2333 5408 ipsam

797 5423 1034 5478 odiosam
1066 5422 1355 5492 regionem.
1385 5426 1682 5480 Ascendam
1723 5429 1901 5497 itaque
1947 5428 2012 5481 ad
2062 5429 2184 5484 illos
2212 5429 2336 5483 olim

799 5513 1062 5574 inimicos,
1101 5520 1258 5580 atque
1300 5529 1393 5569 eos
1428 5519 1722 5571 amicorum
1779 5519 1896 5571 loco
1930 5517 2155 5573 habebo.
2200 5518 2328 5571 Mihi

798 5602 1092 5671 alienigena:
1120 5600 1311 5656 subditi
1336 5616 1472 5660 sunt.
1507 5606 1613 5662 Pro
1640 5623 1747 5678 quo
1773 5608 1960 5677 Aquila
1994 5608 2206 5677 quidem
2237 5609 2329 5671 ait,

800 5690 927 5747 Cum
980 5692 1300 5749 Pliilisthwis
1356 5698 1639 5750 amicitiam
1692 5700 1862 5762 inibo;
1916 5695 2098 5767 quinta
2156 5705 2331 5753 autem

869 5848 910 5895 μ
946 5846 1164 5905 Malm-h.
1203 5870 1248 5905 ι.
1286 5853 1336 5907 2.
1410 5853 1455 5882 3"
1494 5852 1621 5907 ibid.
1659 5854 1685 5905 ’ἴ

2434 4709 2570 4749 που.
2609 4694 2704 4745 Ἑν
2728 4690 2806 4755 τῷ
2837 4688 2956 4753 Θεῷ
2997 4687 3326 4755 ποιήσομεν
3363 4685 3633 4757 δύναμιν,
3674 4682 3773 4734 καὶ
3800 4681 3980 4747 αὐτὸς

2432 4781 2818 4849 ἐξουδενώσει
2884 4779 3024 4843 τοὺς
3074 4778 3382 4839 θλίϐοντας
3446 4772 3619 4841 ἡμᾶς.
3677 4771 3979 4837 Τουτέστιν,

2448 4873 2805 4943 Ἐπιῦήσομαι
2826 4870 2921 4923 καὶ
2959 4867 3385 4939 ἐμπεριπατήσω
3425 4868 3536 4928 τοῖς
3566 4864 3793 4918 ἔθνεσιν.
3829 4863 3979 4916 Ἰδου-

2441 4968 2585 5035 μαῖοι
2612 4964 2718 5035 γὰρ
2746 4959 2883 5033 ἦσαν
2907 4963 2954 5014 οἱ
2987 4959 3093 5014 ἀπὸ
3122 4959 3211 5012 τοῦ
3239 4956 3605 5028 μεμισημένον
3635 4953 3828 5017 Ἠσαῦ,
3856 4957 3981 5027 περὶ

2436 5052 2493 5110 οὗ
2528 5055 2805 5108 λέλεκται·
2844 5055 2963 5107 Οὐκ
3012 5050 3268 5120 ἀδελφὸς
3291 5046 3367 5119 ἦν
3407 5046 3586 5102 Ἠσαῦ
3622 5046 3726 5101 τοῦ
3756 5046 3981 5110 Ἰακώ6;

2436 5144 2595 5213 λέγει
2623 5146 2864 5211 Κύριοςο
2904 5143 3016 5207 καὶ,
3053 5141 3161 5195 Τὸν
3196 5140 3389 5194 Ἰακὼϐ
3413 5136 3717 5214 ἠγάπησα,
3752 5138 3857 5191 τὸν
3917 5136 3979 5204 δὲ

2448 5237 2627 5292 Ἡσαῦ
2681 5236 2961 5305 ἐμίσησα.
3013 5231 3281 5288 Ἐπιδαλῶ
3320 5226 3431 5295 οὖν,
3470 5230 3620 5301 φησι,
3651 5231 3709 5283 τὸ
3735 5228 3980 5300 ὑπόδημά

2439 5346 2562 5400 μου,
2594 5328 2770 5383 οὐκέτι
2797 5328 2887 5381 ἐπὶ
2920 5344 3008 5383 τον
3052 5324 3280 5395 Ἰσραὴλ,
3320 5322 3435 5374 οὐδὲ
3473 5324 3565 5375 ἐπὶ
3600 5322 3696 5402 τὴν
3731 5321 3980 5402 Ἰουδαίας

2444 5422 2564 5491 γῆν,
2594 5421 2711 5475 οὐδὲ
2730 5421 2821 5472 ἐπὶ
2854 5419 2987 5489 μόνα
3031 5418 3099 5470 τὰ
3135 5412 3495 5485 Ἰεροσόλυμα,
3531 5413 3641 5466 ἀλλ’
3694 5414 3779 5464 ἐπ’
3818 5409 3979 5478 αὐτὴν

2396 5508 2647 5582 ,ἐκείνην
2696 5511 2792 5581 τὴν
2834 5509 2927 5563 τοῦ
2969 5504 3336 5578 μεμισημένου
3376 5502 3573 5577 χώραν.
3628 5500 3978 5571 Ἐπιϐήσομαι

2439 5598 2528 5655 οὖν
2556 5606 2665 5665 τοῖς
2692 5601 2855 5655 πάλαι
2884 5599 3117 5670 ἐχθροῖς,
3148 5598 3204 5647 ἐν
3242 5593 3391 5664 χώρα
3448 5594 3613 5663 φίλων
3638 5592 3978 5656 κατατάσσων

2440 5693 2647 5756 αὐτούς.
2704 5693 2853 5764 Ἐμοὶ
2896 5690 3226 5763 ἀλλόφυλοι
3260 5685 3661 5757 ὑπετάγησαν.
3706 5682 3845 5739 Ἀνθ’
3873 5675 3977 5734 obl
