4318 6400
313 512 451 569 1533

1387 501 1882 559 COMMENTARIA
1916 499 1979 553 IN
2020 500 2353 556 PSALMOS.

3365 500 3498 554 1554

314 628 413 697 μὲν
450 624 675 688 Ἀκύλας
707 623 887 692 φησιν,
934 619 1063 675 Ἐπί
1104 617 1499 682 Φυλισταίους
1529 631 1855 681 συνεταιρι-
1882 616 1931 674 Α
1954 614 2017 669 ed

1799 614 2154 678 u-Aeditio,
2204 613 2344 682 apud
2394 613 2682 683 allophylos
2731 610 3057 673 honorabor;
3124 611 3504 682 quinquagesia

311 713 613 782 σθήσομαι
628 730 641 743 ·
681 715 714 783 ἡ
737 712 794 763 δὲ
819 710 1036 779 πέμπτη
1052 707 1278 768 ἔκδοσις,
1312 703 1435 756 Ἐπὶ
1449 702 1586 769 τοὺς
1599 703 1857 771 ἀλλοφύ-

309 804 460 867 λους
483 799 945 870 ἐντιμωθήσομαι
964 814 976 826 ·
1010 798 1037 849 ὁ
1063 794 1120 848 δὲ
1150 795 1221 848 νθ¹
1246 793 1471 864 ψαλμὸς,
1513 792 1665 861 Ἐμοί
1683 792 1861 845 ἀλλό-

312 896 493 959 φυλοι
528 889 928 959 ὑπετάγησαν.
984 884 1237 948 Γνώσεως
1279 883 1335 936 δὲ
1377 882 1510 936 Θεοῦ
1561 883 1652 935 καὶ
1683 881 1859 950 φιλίας

314 985 409 1037 καὶ
448 983 715 1053 ἑταιρείας
758 981 849 1033 καὶ
900 979 1119 1046 ἀγάπης
1165 977 1383 1046 σημεῖον
1429 974 1487 1025 τὸ
1532 972 1862 1041 ὑποταγῆναι

319 1074 463 1145 αὐτῷ
489 1074 611 1136 τοὺς
652 1070 815 1126 πάλαι
855 1067 1274 1128 ἀνυποτάκτους,
1299 1062 1393 1117 καὶ
1430 1060 1733 1130 ἀλλοτρίους
1769 1061 1863 1129 μὲν

320 1165 412 1217 τοῦ
453 1163 607 1228 Θεοῦ,
642 1161 977 1231 ὑποχειρίους
1007 1157 1064 1211 δὲ
1084 1156 1295 1226 δαίμοσι
1323 1156 1589 1225 πονηροῖς.

456 1274 565 1327 ΕΙΣ
583 1274 669 1326 ΤΟ
700 1267 1234 1336 ΤΕΛΟΣ,ΨΑΛΜΟΣ
1258 1266 1342 1335 Τῼ
1355 1266 1567 1320 ΔΑΥΙΔ,
1602 1261 1725 1316 PH'.

397 1364 451 1415 '0
485 1362 645 1427 Θεὸς,
687 1362 799 1428 τὴν
844 1318 1220 1425 alueo—galati
1258 1318 1344 1425 pi;
1375 1318 1859 1423 zapaa’uumjan,’
1899 1318 1906 1329 ι

321 1455 409 1509 ὅτι
448 1456 639 1524 στόμα
682 1450 1026 1522 ἁμαρτωλοῦ
1056 1449 1151 1501 καὶ
1186 1448 1379 1515 στόμα
1418 1444 1623 1498 δολίου
1651 1441 1741 1495 ἐπ’
1765 1440 1868 1511 ἐμὲ

320 1543 589 1612 ἠνοίχθη.
644 1540 982 1606 Ἐλάλησαν
1028 1536 1149 1589 κατ’
1210 1533 1353 1603 ἐμοῦ
1380 1530 1625 1601 γλώσσῃ
1677 1528 1866 1595 δολία,

322 1633 418 1687 καὶ
439 1634 639 1701 λόγοις
648 1631 867 1699 μίσους
880 1625 1235 1681 ἐκύκλωσαν
1254 1639 1351 1691 με,
1370 1620 1465 1675 καί
1488 1617 1871 1689 ἐπολέμησὼθ

320 1742 392 1794 με
437 1721 679 1793 δωρεάν.
736 1718 985 1789 Συνήθως
1007 1717 1100 1769 καὶ
1125 1718 1181 1767 ὲν
1199 1712 1370 1782 τούτῳ
1393 1712 1511 1766 ἀντὶ
1534 1710 1649 1773 τοῦ,
1691 1713 1775 1774 εὶς
1805 1714 1869 1760 τό

322 1814 513 1879 τέλος,
567 1814 595 1865 6
648 1812 742 1882 μὲν
783 1808 1030 1874 Ἀκύλας,
1076 1805 1157 1871 τῷ
1193 1800 1491 1866 νικοποιῷ,
1543 1800 1831 1853 ἐκδέδωκεν
1854 1814 1867 1826 ·

321 1908 350 1958 ό
400 1906 457 1959 δὲ
500 1904 791 1974 Σύμμαχος
839 1900 1131 1954 ἐπινίκιον
1188 1894 1404 1965 εἴρηκε’
1466 1892 1743 1961 μονονουχὶ
1798 1890 1874 1941 δι-

321 1963 606 2057 δάσκοντος
806 1989 900 2046 τοῦ
922 1990 1077 2057 ἁγίου
1100 1963 1427 2054 Πνεύματος,
1456 1984 1536 2035 ὅτι
1563 1980 1627 2051 δὴ
1647 1982 1736 2034 ἐπὶ
1764 1982 1876 2041 τοῖς
1907 1963 1946 2015 Β

324 2086 605 2147 ἐπινικίοις
629 2084 721 2137 τοῦ
756 2080 1002 2150 Σωτῆρος
1037 2076 1211 2147 ἡμῶν,
1244 2074 1336 2126 καὶ
1371 2074 1480 2135 τοῖς
1506 2074 1646 2125 κατὰ
1667 2068 1759 2122 τοῦ
1784 2068 1879 2120 0a—

322 2179 480 2233 νάτου
531 2174 834 2247 τροπαίοις,
874 2171 965 2223 καὶ
996 2169 1094 2231 τὰς
1124 2165 1398 2235 παρούσας
1429 2163 1608 2232 φωνὰς
1644 2163 1876 2227 ἐγκατα-

323 2267 498 2335 λέγειν
529 2264 814 2344 προσήκει,
840 2262 896 2312 ὲν
930 2252 1404 2325 αἷςὸἁνθρώπινος
1419 2250 1582 2306 αὑτοῦ
1611 2247 1877 2318 παρίστα-

323 2373 412 2409 ται
438 2335 695 2425 βίοςξκαὶ
728 2353 761 2419 ἡ
801 2346 1044 2418 ὑπομονὴ
1078 2344 1184 2398 τῶν
1224 2342 1577 2414 παθημάτων.
1632 2339 1683 2391 '0
1715 2335 1875 2402 Θεὸς,

324 2447 438 2514 τὴν
464 2445 702 2498 αῖνεσίν
733 2460 850 2511 μου
883 2440 967 2509 μὴ
1008 2434 1512 2514 παρασιωπῄσῃς·
1559 2431 1647 2484 ὅτι
1689 2430 1880 2497 στόμα

325 2502 669 2606 ἀμαρτωλοῦ
722 2502 819 2585 καὶ
868 2502 1060 2599 στόμα
1087 2502 1296 2581 δολίου
1320 2502 1432 2577 λέπτ’
1462 2519 1566 2589 ἐμὲ
1607 2518 1875 2587 ἠνοίχθη.

340 2627 676 2693 Ἐλάλησαν
726 2626 850 2677 κατ’
877 2621 1022 2691 ἐμοῦ
1047 2619 1291 2689 γλώσσῃ
1318 2614 1509 2679 δολίῃ,
1544 2610 1641 2665 καὶ
1679 2611 1881 2679 λόγοις

326 2716 539 2781 μίσους
576 2710 928 2766 ἐκύκλωσαν
959 2727 1048 2778 με,
1096 2707 1191 2761 καὶ
1234 2702 1617 2773 ἐπολέμησάν
1659 2718 1733 2771 με
1775 2702 1882 2753 δω-

327 2805 490 2874 ρεάν.
544 2805 601 2857 '0
660 2801 849 2871 παρὼν
904 2800 1112 2870 ψαλμδς
1161 2796 1483 2867 ἀναφέρεται
1532 2796 1610 2857 είς
1670 2792 1880 2864 πρόσω-

329 2912 430 2949 πον
474 2893 567 2948 τοῦ
622 2890 878 2962 Χριστοῦ,
906 2890 973 2941 τὰ
1014 2887 1156 2957 πάοη
1209 2884 1474 2955 περιέχων
1524 2881 1884 2949 αὺτοῦ.Μαρ-

330 2987 482 3055 τυρεί
526 2984 581 3035 δὲ
616 2982 693 3052 τῷ
720 2982 860 3050 λόγῳ
890 2981 922 3051 ἡ
949 2978 1138 3050 Γραφὴ
1166 2976 1275 3029 τῶν
1306 2974 1563 3045 Πράξεων
1615 2970 1719 3025 τῶν
1752 2972 1884 3023 ἀπο-

282 3134 287 3139 ,
334 3074 551 3136 στόλων,
605 3071 729 3125 ἔνθα
777 3073 805 3123 ὁ
845 3069 1066 3137 Πέτρος,
1106 3066 1203 3136 τῆς
1242 3063 1335 3117 τοῦ
1391 3061 1645 3132 προδότου
1717 3058 1885 3111 Ἰούδα

332 3161 653 3223 ἐκπτώσεως
706 3157 1076 3229 μνημονεύσας
1111 3194 1125 3217 ,
1198 3153 1290 3206 καλ⁴
1332 3149 1657 3220 παραινέσας
1701 3150 1884 3218 ἕτερον

1964 719 2083 758 mus
2133 719 2262 758 vero
2308 718 2486 758 nonus
2534 703 2775 773 psalmus
2807 702 2984 763 habet,
3046 698 3179 753 Mihi
3209 701 3507 771 alienigena

1964 794 2158 848 subditi
2191 804 2332 849 sunt.
2365 794 2577 849 Notitiaa
2604 810 2734 849 vero
2757 793 2846 847 Dei
2891 800 2947 847 et
2976 791 3224 845 amicitire
3254 799 3308 845 et
3339 792 3510 847 socie-

1965 890 2090 941 tatis
2118 895 2171 942 et
2201 886 2506 941 dilectionis
2541 886 2752 955 signum
2781 890 2883 948 est,
2910 882 3009 951 ipsi
3041 882 3233 950 subjici
3273 896 3390 945 eos,
3415 882 3509 950 qui

1966 979 2091 1032 olim
2150 977 2565 1046 inobsequentes
2599 986 2653 1031 et
2697 974 2804 1031 Deo
2835 975 2995 1029 alieni
3021 980 3193 1038 erant,
3224 971 3511 1042 pravisque

1965 1068 2301 1123 daunonibus
2326 1066 2548 1123 subditi.

2060 1264 2106 1315 ι.
2142 1262 2205 1317 IN
2228 1226 2460 1325 emtam,
2479 1257 2793 1315 PSALMUS
2822 1255 2945 1311 lPSI
2980 1253 3199 1309 oAvm.
3230 1252 3407 1307 cvm.

2045 1351 2203 1407 Vens.
2234 1352 2288 1417 Ξ,
2319 1353 2372 1405 5.
2409 1351 2566 1413 Deus,
2594 1348 2802 1403 laudem
2830 1364 2996 1402 meam
3029 1363 3091 1399 ne
3122 1343 3367 1405 tacueris,
3389 1341 3511 1411 quia

1971 1458 2027 1494 os
2054 1442 2338 1507 peccatoris
2369 1448 2417 1493 et
2454 1455 2509 1493 os
2542 1438 2714 1492 dolosi
2744 1453 2896 1505 super
2924 1452 3001 1489 me
3033 1445 3264 1503 apertum
3288 1442 3381 1485 est.
3412 1429 3513 1482 Le-

1946 1534 2077 1585 ιονιξ
2104 1540 2219 1584 sunt
2255 1530 2525 1583 adversum
2558 1544 2639 1583 me
2673 1528 2850 1597 lingua
2885 1527 3089 1588 dolosa,
3116 1534 3165 1578 et
3196 1521 3513 1577 sermonibus

1975 1621 2082 1674 odii
2114 1618 2559 1673 circumdederunt
2588 1634 2687 1681 me,
2710 1628 2759 1671 et
2782 1611 3195 1686 oppugnaverunt
3223 1629 3302 1666 me
3329 1612 3512 1680 gratis.

1976 1711 2032 1766 lu
2071 1712 2171 1767 hoc
2196 1712 2322 1764 item
2346 1710 2414 1763 de
2438 1723 2590 1763 more
2614 1721 2711 1778 pro
2742 1708 2854 1770 illo,
2884 1708 2939 1759 in
2974 1706 3154 1774 ﬁnem,
3182 1703 3376 1774 Aquila
3398 1742 3413 1767 ,
3441 1703 3514 1754 vi-

1977 1807 2153 1858 ctoriw
2194 1802 2415 1864 auctori,
2452 1799 2807 1870 Symmachus
2832 1812 2981 1860 vero,
3018 1795 3345 1863 triumphale,
3397 1792 3515 1847 edi-

1977 1895 2075 1949 dit.
2105 1895 2306 1964 Spiritu
2363 1903 2548 1947 sancto
2601 1897 2811 1945 tantum
2868 1903 2975 1944 non
3032 1888 3262 1949 docente
3298 1900 3422 1949 nos,
3463 1884 3514 1937 in

1976 1982 2389 2052 triumphalibus
2415 1978 2711 2033 Salvatoris
2743 1977 2915 2032 nostri
2936 1983 2989 2031 et
3005 1974 3221 2044 trOpaeis
3256 1973 3323 2027 de
3350 1979 3515 2028 morti

1977 2075 2165 2145 partis,
2214 2074 2311 2126 has
2358 2085 2519 2126 voces
2569 2068 2810 2140 proferre
2849 2066 3063 2129 debere,
3094 2067 3149 2120 in
3190 2064 3389 2135 quibus
3421 2063 3494 2116 bu

1976 2182 2133 2221 mana
2164 2165 2283 2234 ejus
2305 2164 2413 2217 vita
2435 2171 2489 2218 et
2519 2162 2806 2217 tolerantia
2829 2161 3164 2216 cruciatuum
3191 2155 3497 2211 declaratur

1977 2254 2137 2319 Deus,
2163 2251 2371 2305 laudem
2416 2265 2584 2303 meam
2614 2264 2674 2301 ne
2719 2249 2943 2301 tacueris
2967 2290 2979 2310 ,
3016 2246 3137 2315 .guia
3158 2259 3213 2295 os
3238 2238 3504 2310 peccatori.

1977 2352 2025 2397 et
2055 2360 2111 2395 os
2143 2341 2313 2395 dolosi
2337 2356 2490 2407 super
2522 2356 2601 2393 me
2632 2348 2867 2409 apertum
2911 2346 3008 2391 est.
3042 2333 3255 2391 ILocuti.
3288 2341 3407 2385 sunt
3429 2328 3511 2381 ad-

1977 2438 2178 2488 uersum
2200 2448 2279 2485 me
2311 2431 2489 2500 lingua
2514 2430 2721 2493 dolosa,
2749 2418 2797 2483 et
2820 2426 3142 2483 sermonibus
3162 2414 3269 2478 odii
3300 2422 3516 2475 circum-

1977 2525 2230 2579 dederunt
2272 2538 2369 2585 me,
2402 2533 2450 2576 et
2500 2528 2917 2590 oppugnaverunt
2951 2532 3029 2571 me
3058 2514 3239 2585 gratis.
3281 2510 3514 2564 Praesens

1979 2619 2176 2688 quippe
2205 2615 2447 2685 psalmus
2465 2610 2697 2666 refertur
2718 2609 2783 2663 ad
2807 2621 3089 2677 personam
3108 2601 3328 2665 Christi,
3343 2606 3511 2669 utpott

1979 2709 2072 2778 qui
2126 2705 2407 2777 passiones
2454 2701 2573 2770 ejus
2631 2699 3038 2767 complectatur,
3096 2700 3154 2746 ut
3209 2688 3523 2745 testiﬁcatur

1980 2774 2207 2853 Actuum
2228 2793 2593 2865 apostolorum
2611 2789 2909 2857 Scriptura,
2929 2786 3021 2840 ubi
3046 2774 3232 2838 Petrus
3257 2794 3377 2835 cum
3406 2792 3522 2848 pro—

1981 2889 2171 2943 ditoris
2185 2886 2332 2940 Iuda:
2347 2886 2556 2954 lapsum
2577 2873 2948 2941 memorasset,
2977 2889 3038 2929 ac
3053 2873 3348 2929 monuisset
3364 2870 3524 2922 alium

1983 2978 2050 3033 ad
2095 2976 2375 3034 duodecim
2431 2974 2796 3045 apostolorum
2843 2983 3123 3024 numerum
3155 2959 3525 3034 complendum

1983 3070 2257 3142 aggregari
2279 3075 2549 3137 oportere,
2582 3064 2892 3122 testimonio
2921 3077 3055 3116 usus
3084 3066 3166 3114 est
3194 3050 3527 3128 pmpbetico,

1985 3170 2044 3215 ut
2082 3162 2137 3215 in
2172 3159 2422 3230 praesenti
2461 3158 2672 3228 psalmo
2695 3156 2959 3210 habetur:
2993 3151 3116 3205 Fiat
3142 3147 3395 3202 habitatio
3415 3144 3527 3213 ejus

332 3254 442 3306 δεῖν
484 3250 891 3322 παραληφθῆναι
923 3248 1001 3309 είς
1057 3245 1149 3298 τὸν
1175 3242 1282 3296 τῶν
1321 3240 1384 3309 ιβ’
1428 3238 1732 3292 ἀποστόλων
1776 3238 1886 3308 ἀρι-
1911 3280 1954 3338 C
1985 3254 2037 3308 ἀι

1818 3254 1886 3308 Ρι·
1911 3280 1954 3338 C
1985 3254 2211 3316 deserta,
2249 3260 2297 3307 et
2329 3268 2431 3305 non
2456 3252 2526 3305 sit
2562 3249 2651 3317 qui
2691 3244 2943 3300 inhabitet
2982 3245 3036 3297 in
3066 3259 3149 3305 ea,
3188 3250 3235 3294 et
3269 3238 3523 3307 episcopa-

336 3343 489 3413 θμὸν,
543 3341 810 3413 μαρτυρία
862 3338 1120 3408 κέχρηται
1179 3335 1483 3405 προφητικῇ
1531 3332 1587 3384 ὲν
1607 3329 1685 3401 τῷ
1750 3346 1884 3401 προ-

334 3434 571 3503 κειμένῳ
609 3429 807 3501 ψαλμῷ
855 3426 1135 3497 φασκούσῃ
1159 3443 1173 3455 ·
1202 3422 1515 3491 Γενηθήτω
1552 3423 1590 3489 ἠ
1639 3421 1891 3486 ἔπαυλις

334 3526 517 3580 αὑτοῦ
550 3524 785 3593 ἕρημος,
826 3521 925 3574 καί
946 3519 1031 3589 μὴ
1059 3520 1213 3573 δστω
1242 3520 1274 3570 ό
1313 3514 1597 3569 κατοικῶν
1617 3515 1686 3567 ἐν
1714 3512 1886 3580 αὐτῇ,

336 3616 434 3671 καί
482 3615 594 3682 τὴν
635 3609 972 3677 ἐπισκοπὴν
1033 3606 1213 3662 αὐτοῦ
1262 3604 1429 3659 λάϐοι
1475 3604 1699 3671 ἕτερος·
1752 3602 1890 3656 ὥστε

337 3707 478 3760 κατά
506 3706 604 3773 τὴν
660 3703 863 3773 Πέτρου
915 3695 1257 3752 διδασκαλίαν
1300 3694 1427 3763 περὶ
1467 3693 1561 3746 τοῦ
1600 3693 1768 3747 Ἰούδα
1796 3695 1890 3746 αὖ-

337 3797 433 3867 τὴν
490 3793 689 3863 ταύτην
742 3790 987 3862 εἰρῆσθαι
1008 3788 1103 3858 τὴν
1133 3786 1334 3856 φωνὴν,
1366 3788 1459 3839 καὶ⁸
1492 3785 1589 3848 τὰς
1615 3783 1804 3847 λοιπὰς
1833 3784 1890 3835 ὲν

338 3885 416 3955 τῷ
438 3883 633 3955 ψαλμῷ
660 3881 980 3954 φερομένας.
1024 3880 1081 3932 ⁸0
1106 3880 1283 3932 τοίνυν
1309 3875 1495 3942 Σωτὴρ
1524 3874 1611 3929 διὰ
1632 3874 1737 3929 τῶν
1762 3890 1892 3946 προ-

338 3974 603 4046 κειμένων
630 3973 926 4045 ἀρχόμενος
955 3968 1326 4045 ἀνθρωπίνως,
1372 3966 1446 4028 ὼς
1484 3966 1764 4035 γενόμενος
1802 3963 1892 4016 ᾶν-

341 4068 576 4139 θίρωπος,
628 4065 813 4137 μείνας
840 4064 896 4116 δὲ
928 4062 1078 4123 Θεὸς,
1119 4059 1252 4127 ὅπερ
1281 4053 1367 4126 ἦν,
1399 4052 1625 4108 ἱκετεύει
1650 4054 1739 4106 τὸν
1776 4055 1899 4123 ιέαυ-¹

342 4158 439 4234 τοῦ
468 4157 684 4226 Πατέρα
712 4155 785 4225 μὴ
823 4150 1156 4223 κατορθῶσαι
1185 4148 1308 4210 τοὺς
1347 4145 1785 4206 ὲπιδουλεύοντας
1824 4147 1891 4214 τῇ

344 4230 538 4302 ἑαυτοῦ
592 4245 813 4313 σπουδῇ,
867 4239 1072 4310 Σπουδὴ
1110 4239 1166 4291 δὲ
1211 4234 1372 4291 αὑτοῦ
1421 4237 1567 4288 πᾶσα
1608 4230 1674 4306 ῆν
1705 4233 1892 4286 σϐέσαι

347 4333 445 4403 μὲν
474 4331 533 4395 ὲξ
570 4328 867 4401 ἀνθρώπων
904 4328 1081 4379 πᾶσαν
1122 4324 1573 4391 είδωλολατρείαν,
1605 4323 1805 4375 αίνεσιν
1838 4324 1893 4376 δὲ

344 4421 417 4492 τῷ
454 4421 626 4490 Πατρὶ
657 4416 1092 4488 καταστήσασθαι
1126 4416 1217 4467 ἐπὶ
1260 4413 1359 4483 τῆς
1387 4415 1486 4483 γῆς
1506 4429 1518 4441 ·
1549 4412 1577 4464 ὃ
1611 4413 1674 4483 δὴ
1700 4414 1756 4465 ὲν
1782 4413 1895 4465 ἑτέ-

349 4529 459 4584 ροις
504 4510 740 4564 διδάσκει
805 4507 1005 4577 λέγων’
1060 4502 1383 4575 Ἀπαγγελῶ
1432 4504 1497 4557 τὸ
1548 4503 1731 4574 ὄνομα
1779 4520 1893 4559 σου

1988 3357 2098 3399 tum
2140 3343 2251 3408 eius
2306 3343 2529 3411 accipiat
2574 3336 2799 3401 alter“;
2830 3336 2904 3388 ita
2951 3343 3008 3387 ut
3050 3329 3345 3386 secundum
3388 3323 3528 3380 Petri

1986 3436 2285 3492 doctrinam
2315 3432 2431 3486 haec
2460 3446 2563 3485 vox
2592 3428 2659 3483 de
2686 3424 2821 3479 Iuda
2847 3422 3050 3492 prolata
3076 3420 3168 3481 sit,
3197 3429 3255 3471 ut
3283 3425 3336 3473 et
3374 3422 3533 3471 cate-7

1987 3544 2061 3583 rae
2083 3528 2136 3580 in
2162 3526 2266 3580 hoc
2293 3524 2498 3594 psalmo
2529 3533 2817 3590 expressae.
2843 3514 3089 3569 Salvator
3113 3512 3274 3580 igitur
3306 3506 3374 3561 ab
3402 3505 3528 3560 alla-

1987 3620 2060 3673 tis
2078 3616 2304 3671 vocibus
2319 3613 2560 3667 humano
2582 3623 2731 3663 more
2752 3620 2933 3667 orsus,
2953 3608 3137 3671 utpote
3152 3600 3315 3653 homo
3334 3595 3530 3657 factus,

1988 3723 2213 3763 manens
2262 3713 2442 3759 tamen
2477 3701 2618 3756 Deus
2652 3706 2711 3752 ut
2753 3693 2888 3760 erat,
2928 3692 3137 3748 Patrem
3165 3690 3413 3744 obsecrat
3466 3698 3530 3739 ne

1989 3798 2337 3853 insidiatores
2368 3791 2597 3851 consilio
2626 3804 2725 3845 suo
2752 3787 3018 3850 olﬁciant;
3047 3780 3332 3837 consilium
3354 3785 3531 3829 autem

1989 3888 2107 3956 ejus
2160 3892 2331 3939 totum
2383 3891 2525 3945 erat,
2576 3888 2634 3935 ut
2689 3894 2757 3934 ex
2814 3875 3128 3932 hominibus
3172 3868 3533 3925 idololatriam

1990 3991 2201 4031 omnem
2249 3974 2637 4043 exstingueret,
2660 3968 2809 4023 Patri
2860 3964 2989 4022 vero
3043 3964 3251 4019 laudem
3294 3962 3349 4015 in
3390 3968 3530 4013 terra

1992 4066 2341 4121 constitueret
2384 4082 2397 4117 :
2433 4061 2578 4132 quod
2634 4062 2759 4127 item
2812 4061 2933 4116 alibi
2987 4058 3144 4112 docet
3188 4054 3274 4109 bis
3308 4049 3484 4105 verbis
3518 4065 3531 4099 :

1995 4155 2242 4210 Narrabo
2275 4170 2458 4209 nomen
2505 4164 2653 4207 tuum
2682 4152 2937 4228 fratribus
2981 4147 3208 4212 meis,»in
3239 4143 3406 4197 medio
3436 4139 3531 4194 Ec-

1992 4250 2163 4305 είρσίιτ
2205 4245 2431 4301 laudabo
2478 4246 2603 4299 te“.
2639 4245 2740 4311 Qui
2771 4252 2947 4297 autem
2983 4241 3103 4296 vitae
3151 4237 3269 4307 ejus
3311 4231 3534 4288 insidias

1991 4338 2275 4410 parabant,
2330 4351 2542 4392 summo
2590 4333 2770 4391 studio
2821 4330 3135 4400 satagebant
3182 4334 3240 4379 ut
3282 4325 3395 4377 haec
3421 4322 3534 4389 ipsa

1993 4431 2113 4483 laus
2141 4428 2358 4483 silentio
2391 4440 2625 4496 prorsus
2648 4427 2965 4478 mitteretur.
3002 4419 3198 4473 Verum
3230 4424 3309 4480 tu,
3341 4412 3535 4496 inquit,

1995 4519 2173 4582 Pater,
2202 4533 2267 4573 ne
2296 4519 2443 4573 sinas
2480 4516 2689 4571 laudem
2735 4513 2900 4569 taceri
2933 4527 3127 4572 meam,
3151 4522 3271 4577 qua:
3298 4508 3351 4560 in
3381 4491 3535 4559 bono

346 4602 469 4667 τοῖς
498 4598 777 4669 ἀδελφοῖς
803 4617 937 4668 μου,
968 4598 1036 4651 ἐν
1060 4597 1225 4665 μέσῳ
1262 4596 1616 4663 Ἐκκλησίας
1647 4595 1893 4663 ὑμνήσω
1924 4601 1967 4655 D
1993 4625 2050 4664 re

1831 4609 1893 4647 rw
1924 4601 1967 4655 D
1993 4625 2105 4664 retu
2141 4619 2193 4664 et
2227 4609 2448 4678 gloriam
2466 4633 2474 4641 -
2493 4617 2635 4661 tuam
2662 4604 3035 4659 concinnatur.
3063 4600 3201 4664 Quia
3231 4615 3285 4651 os
3310 4590 3536 4665 peccato-

347 4707 440 4746 σε.
467 4693 528 4745 Οί
550 4691 607 4777 δέ
634 4691 713 4753 είς
732 4690 952 4743 θάνατον
978 4687 1124 4757 αὐτῷ
1145 4686 1581 4762 πὲπιδουλεύοντες
1608 4686 1897 4753 κατασιγά-

1996 4700 2070 4752 ris
2106 4708 2155 4751 et
2202 4714 2258 4751 os
2307 4697 2477 4749 dolosi
2528 4709 2681 4765 super
2702 4709 2781 4747 me
2808 4701 3043 4762 apertum
3090 4697 3185 4741 est.
3237 4685 3310 4739 Os
3365 4692 3538 4736 autem

349 4798 441 4835 σαι
465 4771 665 4851 ταύτην
686 4781 853 4851 αὐτὴν
869 4779 966 4849 τὴν
987 4779 1185 4845 αίνεσιν
1201 4779 1293 4830 καὶ
1308 4776 1719 4844 κατασιωπῆσαι
1743 4791 1898 4828 σπου·
1994 4804 2054 4857 βε

1837 4794 1898 4828 δυ·
1994 4789 2293 4857 peccatoris
2337 4796 2390 4841 et
2441 4798 2505 4840 os
2530 4784 2705 4838 dolosi
2745 4782 3086 4851 potissimum
3122 4786 3239 4841 erat
3275 4792 3336 4830 os
3362 4771 3542 4826 Phari-

349 4873 445 4945 δὴν
471 4872 767 4927 ἐποιοῦντο.
809 4870 968 4924 Ἀλλὰ
1018 4870 1102 4933 σὺ,
1128 4869 1308 4937 φησὶν,
1354 4862 1398 4918 ὧ
1435 4865 1633 4938 Πάτερ,
1664 4864 1737 4935 μὴ
1768 4882 1895 4933 συγ-
1995 4894 2054 4931 εει

1837 4883 1895 4933 γ-
1995 4892 2221 4932 satorum
2261 4884 2331 4931 ει·
2361 4874 2694 4935 Scribarum,
2730 4873 2821 4941 qui
2865 4886 2988 4925 cum
3044 4864 3317 4939 hypocrisi
3369 4864 3542 4931 ipsum

350 4965 601 5034 χωρήσῃς
622 4960 1065 5029 ἀτωσιωπηθῆναι
1079 4958 1175 5027 τὴν
1201 4955 1402 5009 αῐνεσίν
1429 4972 1551 5024 μου,
1574 4955 1670 5025 τὴν
1702 4957 1780 5017 είς
1798 4956 1896 5025 τὴν
2002 4959 2049 5012 Μ

1836 4956 1896 5025 ὴν
2002 4959 2311 5029 Magistrum
2357 4968 2409 5012 et
2460 4957 2631 5011 Rabbi
2684 4950 2978 5021 vocabant;
3033 4950 3329 5023 praesertim
3366 4954 3541 4999 autem

351 5033 449 5123 σὴν
489 5033 661 5120 τιμὴν
712 5050 803 5102 καὶ
846 5049 997 5113 δόξαν
1042 5044 1490 5114 σπουδαζομένην.
1542 5046 1667 5099 Ὅτι
1706 5046 1896 5113 στόμα
1998 5049 2056 5103 ,ιιι

1840 5062 1896 5098 ια
1998 5049 2169 5114 .ludae,
2202 5050 2291 5118 qui
2348 5047 2683 5103 Salvaterem
2737 5054 2791 5100 et
2832 5044 3113 5099 Dominum
3167 5052 3323 5095 suum
3360 5033 3545 5087 osculo

352 5136 696 5208 ἁμαρτωοῦ
756 5136 851 5189 καί
892 5138 1083 5204 στόμα
1118 5134 1323 5187 δολίου
1352 5132 1443 5184 ἐπ’
1475 5132 1577 5200 ἐμὲ
1622 5132 1889 5199 ἠνοίχθη.
1999 5138 2287 5205 prodidit."

354 5231 533 5301 Στόμα
577 5228 637 5281 δὲ
676 5228 993 5297 ἀμαρτωλοῧ
1022 5229 1115 5282 καὶ
1140 5239 1310 5299 στόμα
1342 5225 1512 5279 δολίου
1545 5224 1773 5295 μάλιστα
1800 5227 1897 5296 μὲν
1929 5232 2019 5283 καὶ
2042 5236 2146 5285 πᾶν
2171 5234 2231 5285 τὸ
2252 5231 2357 5284 τῶν
2377 5232 2676 5303 Φαρισαίων
2715 5231 2807 5283 καὶ
2843 5221 3215 5298 Γραμματέων
3266 5217 3539 5285 ἐτύγχανε

354 5325 461 5377 τῶν
501 5321 616 5394 μεθ’
664 5321 995 5390 ὑποκρίσεως
1067 5322 1226 5375 αὐτὸν
1270 5318 1586 5374 Διδάσκαλον
1630 5322 1724 5372 καὶ
1769 5322 1955 5379 Ῥαδσὶ
2008 5326 2441 5389 ἀποκαλούντων,
2498 5321 2783 5396 ἐξαιρέτως
2828 5321 2891 5374 δὲ
2938 5318 3030 5374 τοῦ
3092 5313 3295 5382 Ἰούδα,
3350 5309 3406 5378 ὃς
3460 5310 3545 5365 τὸν

357 5417 549 5471 ἑαυτοῦ
572 5416 796 5485 Σωτῆρα
822 5416 914 5469 καὶ
941 5416 1141 5487 Κύριον
1178 5417 1439 5487 φιλήματι
1467 5413 1762 5484 προεδίδου.

441 5536 779 5605 Ἐλάλησαν
813 5535 935 5589 κατ’
962 5532 1105 5603 ἐμοῦ
1133 5534 1378 5604 γλώσσῃ
1418 5534 1611 5599 δολία,
1666 5535 1765 5587 καί
1813 5536 1905 5589 λό-
2079 5534 2146 5587 γε

1837 5536 1905 5589 ld-
2079 5534 2236 5589 Vsns.
2274 5535 2325 5587 4.
2362 5532 2545 5586 Locuti
2576 5542 2694 5587 sunt
2723 5530 2994 5605 aduersum
3031 5541 3107 5579 me
3141 5525 3316 5590 lingua
3344 5519 3525 5575 dolosa

360 5641 483 5694 τοις
507 5604 725 5693 μίσους
752 5624 1099 5680 ἐκύκλωσάν
1139 5643 1239 5694 με,
1282 5626 1378 5679 καὶ
1419 5625 1801 5693 ἐπολέμησὰν
1830 5645 1905 5694 με
2009 5636 2055 5679 et

1844 5645 1905 5691 με
2009 5636 2055 5679 et
2087 5623 2405 5679 sermonibus
2445 5623 2553 5677 odii
2600 5604 3042 5695 circumdederunt
3080 5629 3176 5676 nte,
3207 5619 3255 5663 et
3286 5623 3549 5677 oppugna-

359 5716 607 5785 δωρεάν.,
646 5716 791 5777 Ἀντί
820 5717 924 5776 τοῦ
970 5715 1203 5786 ἀγαπᾷν
1246 5734 1322 5785 με
1366 5716 1748 5771 ἐνδιέόαλλόν
1798 5736 1903 5788 με*
2010 5734 2064 5777 t'e

1845 5736 1903 5773 ε’
2010 5725 2188 5777 verunt
2218 5732 2295 5771 me
2328 5717 2513 5786 gratis.
2547 5694 2653 5766 Pro
2684 5729 2741 5765 eo
2771 5720 2825 5762 ut
2857 5725 2936 5762 me
2979 5704 3273 5774 diligerent,
3315 5694 3550 5755 detrahe—

520 5870 638 5924 Act.
676 5885 711 5927 ι,
746 5870 833 5919 90.
910 5873 954 5904 ⁸*
996 5872 1107 5927 Psal
1173 5888 1267 5944 1},"
1328 5872 1395 5925 9.3
