  <div class='ocr_page' id='page_1' title='image "/cluster/home/n/w/nwhite01/storage/ocr_20150623/23/coo.31924054873041/685.png"; bbox 0 0 4318 6430; ppageno 0'>
   <div class='ocr_carea' id='block_1_1' title="bbox 848 502 976 558">
    <p class='ocr_par' dir='ltr' id='par_1_1' title="bbox 848 502 976 558">
     <span class='ocr_line' id='line_1_1' title="bbox 848 502 976 558; baseline 0.016 -3"><span class='ocrx_word' id='word_1_1' title='bbox 848 502 976 558; x_wconf 75' lang='lat' dir='ltr'><strong>I355</strong></span> 
     </span>
    </p>
   </div>
   <div class='ocr_carea' id='block_1_2' title="bbox 1483 503 3319 565">
    <p class='ocr_par' dir='ltr' id='par_1_2' title="bbox 1483 503 3319 565">
     <span class='ocr_line' id='line_1_2' title="bbox 1483 503 3319 565; baseline 0.004 -9"><span class='ocrx_word' id='word_1_2' title='bbox 1483 503 1744 559; x_wconf 78' lang='lat' dir='ltr'><strong>EUSEBII</strong></span> <span class='ocrx_word' id='word_1_3' title='bbox 1780 505 2247 564; x_wconf 74' lang='lat' dir='ltr'><strong>C/ESARIENSIS</strong></span> <span class='ocrx_word' id='word_1_4' title='bbox 2281 507 2427 565; x_wconf 88' lang='lat' dir='ltr'><strong>OPP.</strong></span> <span class='ocrx_word' id='word_1_5' title='bbox 2470 509 2645 565; x_wconf 81' lang='lat' dir='ltr'><strong>PARS</strong></span> <span class='ocrx_word' id='word_1_6' title='bbox 2678 509 2743 565; x_wconf 80' lang='lat' dir='ltr'><strong>III</strong></span> <span class='ocrx_word' id='word_1_7' title='bbox 2766 552 2779 565; x_wconf 94' lang='lat'><strong>.</strong></span> <span class='ocrx_word' id='word_1_8' title='bbox 2818 537 2885 549; x_wconf 85' lang='lat'><strong>-—-</strong></span> <span class='ocrx_word' id='word_1_9' title='bbox 2921 506 3319 563; x_wconf 77' lang='lat' dir='ltr'><strong>EXEGETICA.</strong></span> 
     </span>
    </p>
   </div>
   <div class='ocr_carea' id='block_1_3' title="bbox 3870 506 3999 563">
    <p class='ocr_par' dir='ltr' id='par_1_3' title="bbox 3870 506 3999 563">
     <span class='ocr_line' id='line_1_3' title="bbox 3870 506 3999 563; baseline 0.016 -2"><span class='ocrx_word' id='word_1_10' title='bbox 3870 506 3999 563; x_wconf 74' lang='lat' dir='ltr'><strong>i336</strong></span> 
     </span>
    </p>
   </div>
   <div class='ocr_carea' id='block_1_4' title="bbox 843 613 2548 688">
    <p class='ocr_par' dir='ltr' id='par_1_4' title="bbox 843 615 2548 688">
     <span class='ocr_line' id='line_1_4' title="bbox 843 615 2548 688; baseline 0.002 -19"><span class='ocrx_word' id='word_1_11' title='bbox 843 616 958 669; x_wconf 87' lang='lat' dir='ltr'><strong>bant</strong></span> <span class='ocrx_word' id='word_1_12' title='bbox 994 615 1160 668; x_wconf 83' lang='lat' dir='ltr'><strong>mihi:</strong></span> <span class='ocrx_word' id='word_1_13' title='bbox 1192 631 1280 684; x_wconf 80' lang='lat' dir='ltr'><strong>ego</strong></span> <span class='ocrx_word' id='word_1_14' title='bbox 1304 625 1471 669; x_wconf 84' lang='lat' dir='ltr'><strong>autem</strong></span> <span class='ocrx_word' id='word_1_15' title='bbox 1493 617 1727 670; x_wconf 87' lang='lat' dir='ltr'><strong>orabam.</strong></span> <span class='ocrx_word' id='word_1_16' title='bbox 1763 616 1894 669; x_wconf 79' lang='lat' dir='ltr'><strong>Cum</strong></span> <span class='ocrx_word' id='word_1_17' title='bbox 1922 618 2064 671; x_wconf 90' lang='lat' dir='ltr'><strong>enim</strong></span> <span class='ocrx_word' id='word_1_18' title='bbox 2090 616 2260 681; x_wconf 90' lang='lat' dir='ltr'><strong>illum,</strong></span> <span class='ocrx_word' id='word_1_19' title='bbox 2285 626 2369 671; x_wconf 91' lang='lat' dir='ltr'><strong>ut-</strong></span> <span class='ocrx_word' id='word_1_20' title='bbox 2396 624 2441 679; x_wconf 79' lang='grc' dir='ltr'>Α</span> <span class='ocrx_word' id='word_1_21' title='bbox 2468 620 2548 688; x_wconf 70' lang='grc' dir='ltr'><strong>ἐτι</strong></span> 
     </span>
    </p>
   </div>
   <div class='ocr_carea' id='block_1_5' title="bbox 2293 613 3998 688">
    <p class='ocr_par' dir='ltr' id='par_1_5' title="bbox 2293 613 3998 688">
     <span class='ocr_line' id='line_1_5' title="bbox 2293 613 3998 688; baseline -0.002 -17"><span class='ocrx_word' id='word_1_22' title='bbox 2293 626 2369 671; x_wconf 88' lang='lat' dir='ltr'><strong>ut-</strong></span> <span class='ocrx_word' id='word_1_23' title='bbox 2396 624 2441 679; x_wconf 79' lang='grc' dir='ltr'>Α</span> <span class='ocrx_word' id='word_1_24' title='bbox 2468 618 2579 688; x_wconf 78' lang='grc' dir='ltr'><strong>ἐγὼ</strong></span> <span class='ocrx_word' id='word_1_25' title='bbox 2641 618 2709 671; x_wconf 80' lang='grc' dir='ltr'>δὲ</span> <span class='ocrx_word' id='word_1_26' title='bbox 2754 618 3197 686; x_wconf 82' lang='grc' dir='ltr'>προσηυχόμην.</span> <span class='ocrx_word' id='word_1_27' title='bbox 3229 615 3355 668; x_wconf 83' lang='grc' dir='ltr'><strong>Δέον</strong></span> <span class='ocrx_word' id='word_1_28' title='bbox 3388 618 3493 686; x_wconf 86' lang='grc' dir='ltr'>γὰρ</span> <span class='ocrx_word' id='word_1_29' title='bbox 3514 614 3724 685; x_wconf 80' lang='grc' dir='ltr'>αγαπᾷν</span> <span class='ocrx_word' id='word_1_30' title='bbox 3749 613 3823 678; x_wconf 87' lang='grc' dir='ltr'>ὡς</span> <span class='ocrx_word' id='word_1_31' title='bbox 3859 616 3998 687; x_wconf 83' lang='grc' dir='ltr'>εὐερ-</span> 
     </span>
    </p>
   </div>
   <div class='ocr_carea' id='block_1_6' title="bbox 841 703 2365 775">
    <p class='ocr_par' dir='ltr' id='par_1_6' title="bbox 841 703 2365 775">
     <span class='ocr_line' id='line_1_6' title="bbox 841 703 2365 775; baseline 0.004 -17"><span class='ocrx_word' id='word_1_32' title='bbox 841 713 958 775; x_wconf 90' lang='lat' dir='ltr'><strong>pote</strong></span> <span class='ocrx_word' id='word_1_33' title='bbox 984 703 1297 769; x_wconf 92' lang='lat' dir='ltr'><strong>beneﬁcum,</strong></span> <span class='ocrx_word' id='word_1_34' title='bbox 1332 720 1393 760; x_wconf 90' lang='lat' dir='ltr'><strong>ac</strong></span> <span class='ocrx_word' id='word_1_35' title='bbox 1422 722 1529 759; x_wconf 89' lang='lat' dir='ltr'><strong>non</strong></span> <span class='ocrx_word' id='word_1_36' title='bbox 1554 720 1837 775; x_wconf 78' lang='lat' dir='ltr'><strong>corporum</strong></span> <span class='ocrx_word' id='word_1_37' title='bbox 1875 708 2052 771; x_wconf 90' lang='lat' dir='ltr'><strong>modo,</strong></span> <span class='ocrx_word' id='word_1_38' title='bbox 2086 708 2177 764; x_wconf 88' lang='lat' dir='ltr'><strong>sed</strong></span> <span class='ocrx_word' id='word_1_39' title='bbox 2206 710 2365 764; x_wconf 90' lang='lat' dir='ltr'><strong>etiam</strong></span> 
     </span>
    </p>
   </div>
   <div class='ocr_carea' id='block_1_7' title="bbox 839 794 2367 865">
    <p class='ocr_par' dir='ltr' id='par_1_7' title="bbox 839 794 2367 865">
     <span class='ocr_line' id='line_1_7' title="bbox 839 794 2367 865; baseline 0.001 -14"><span class='ocrx_word' id='word_1_40' title='bbox 839 794 1135 851; x_wconf 70' lang='lat' dir='ltr'><strong>animarum</strong></span> <span class='ocrx_word' id='word_1_41' title='bbox 1164 795 1430 861; x_wconf 88' lang='lat' dir='ltr'><strong>medicum</strong></span> <span class='ocrx_word' id='word_1_42' title='bbox 1464 794 1683 865; x_wconf 81' lang='lat' dir='ltr'><strong>diligere</strong></span> <span class='ocrx_word' id='word_1_43' title='bbox 1710 796 2043 863; x_wconf 79' lang='lat' dir='ltr'><strong>debuissent,</strong></span> <span class='ocrx_word' id='word_1_44' title='bbox 2070 798 2146 851; x_wconf 89' lang='lat' dir='ltr'><strong>illi</strong></span> <span class='ocrx_word' id='word_1_45' title='bbox 2178 806 2367 853; x_wconf 87' lang='lat' dir='ltr'><strong>contra</strong></span> 
     </span>
    </p>
   </div>
   <div class='ocr_carea' id='block_1_8' title="bbox 839 882 1919 939">
    <p class='ocr_par' dir='ltr' id='par_1_8' title="bbox 839 882 1919 939">
     <span class='ocr_line' id='line_1_8' title="bbox 839 882 1919 939; baseline 0.002 -4"><span class='ocrx_word' id='word_1_46' title='bbox 839 882 1133 939; x_wconf 83' lang='lat' dir='ltr'><strong>calumnias</strong></span> <span class='ocrx_word' id='word_1_47' title='bbox 1160 884 1418 938; x_wconf 84' lang='lat' dir='ltr'><strong>adversus</strong></span> <span class='ocrx_word' id='word_1_48' title='bbox 1448 898 1567 937; x_wconf 86' lang='lat' dir='ltr'><strong>eum</strong></span> <span class='ocrx_word' id='word_1_49' title='bbox 1588 882 1919 938; x_wconf 82' lang='lat' dir='ltr'><strong>conﬂabant.</strong></span> 
     </span>
    </p>
   </div>
   <div class='ocr_carea' id='block_1_9' title="bbox 902 962 2366 1043">
    <p class='ocr_par' dir='ltr' id='par_1_9' title="bbox 902 962 2366 1043">
     <span class='ocr_line' id='line_1_9' title="bbox 902 962 2366 1043; baseline 0.001 -20"><span class='ocrx_word' id='word_1_50' title='bbox 902 969 1063 1027; x_wconf 73' lang='lat' dir='ltr'><strong>Vens.</strong></span> <span class='ocrx_word' id='word_1_51' title='bbox 1096 972 1148 1027; x_wconf 84' lang='lat'><strong>5.</strong></span> <span class='ocrx_word' id='word_1_52' title='bbox 1180 972 1285 1026; x_wconf 89' lang='lat' dir='ltr'><strong>Pro</strong></span> <span class='ocrx_word' id='word_1_53' title='bbox 1305 988 1363 1025; x_wconf 89' lang='lat' dir='ltr'><strong>eo</strong></span> <span class='ocrx_word' id='word_1_54' title='bbox 1388 962 1444 1026; x_wconf 84' lang='lat' dir='ltr'><strong>ut</strong></span> <span class='ocrx_word' id='word_1_55' title='bbox 1464 989 1541 1027; x_wconf 88' lang='lat' dir='ltr'><strong>me</strong></span> <span class='ocrx_word' id='word_1_56' title='bbox 1559 971 2180 1043; x_wconf 83' lang='lat' dir='ltr'><strong>diligerent,detrahebant</strong></span> <span class='ocrx_word' id='word_1_57' title='bbox 2202 974 2366 1027; x_wconf 80' lang='lat' dir='ltr'><strong>mihi:</strong></span> 
     </span>
    </p>
   </div>
   <div class='ocr_carea' id='block_1_10' title="bbox 836 1061 2369 1131">
    <p class='ocr_par' dir='ltr' id='par_1_10' title="bbox 836 1061 2369 1131">
     <span class='ocr_line' id='line_1_10' title="bbox 836 1061 2369 1131; baseline 0.003 -17"><span class='ocrx_word' id='word_1_58' title='bbox 836 1077 923 1131; x_wconf 86' lang='lat' dir='ltr'><strong>ego</strong></span> <span class='ocrx_word' id='word_1_59' title='bbox 951 1071 1121 1117; x_wconf 88' lang='lat' dir='ltr'><strong>autem</strong></span> <span class='ocrx_word' id='word_1_60' title='bbox 1150 1062 1381 1116; x_wconf 86' lang='lat' dir='ltr'><strong>orabam.</strong></span> <span class='ocrx_word' id='word_1_61' title='bbox 1418 1061 1484 1115; x_wconf 88' lang='lat' dir='ltr'><strong>Et</strong></span> <span class='ocrx_word' id='word_1_62' title='bbox 1509 1072 1786 1131; x_wconf 83' lang='lat' dir='ltr'><strong>posuerunt</strong></span> <span class='ocrx_word' id='word_1_63' title='bbox 1807 1064 2077 1117; x_wconf 80' lang='lat' dir='ltr'><strong>adversum</strong></span> <span class='ocrx_word' id='word_1_64' title='bbox 2114 1080 2194 1118; x_wconf 88' lang='lat' dir='ltr'><strong>me</strong></span> <span class='ocrx_word' id='word_1_65' title='bbox 2227 1065 2369 1118; x_wconf 88' lang='lat' dir='ltr'><strong>mala</strong></span> 
     </span>
    </p>
   </div>
   <div class='ocr_carea' id='block_1_11' title="bbox 836 1152 2369 1223">
    <p class='ocr_par' dir='ltr' id='par_1_11' title="bbox 836 1152 2369 1223">
     <span class='ocr_line' id='line_1_11' title="bbox 836 1152 2369 1223; baseline 0.004 -18"><span class='ocrx_word' id='word_1_66' title='bbox 836 1168 928 1220; x_wconf 84' lang='lat' dir='ltr'><strong>pro</strong></span> <span class='ocrx_word' id='word_1_67' title='bbox 956 1152 1123 1215; x_wconf 88' lang='lat' dir='ltr'><strong>bonis,</strong></span> <span class='ocrx_word' id='word_1_68' title='bbox 1160 1163 1208 1206; x_wconf 92' lang='lat' dir='ltr'><strong>et</strong></span> <span class='ocrx_word' id='word_1_69' title='bbox 1244 1153 1418 1206; x_wconf 86' lang='lat' dir='ltr'><strong>odium</strong></span> <span class='ocrx_word' id='word_1_70' title='bbox 1450 1170 1541 1222; x_wconf 88' lang='lat' dir='ltr'><strong>pro</strong></span> <span class='ocrx_word' id='word_1_71' title='bbox 1583 1153 1855 1219; x_wconf 76' lang='lat' dir='ltr'><strong>dilectione</strong></span> <span class='ocrx_word' id='word_1_72' title='bbox 1884 1169 1996 1207; x_wconf 84' lang='lat' dir='ltr'><strong>mea</strong></span> <span class='ocrx_word' id='word_1_73' title='bbox 2029 1170 2045 1207; x_wconf 91' lang='lat'><strong><em>:</em></strong></span> <span class='ocrx_word' id='word_1_74' title='bbox 2076 1153 2369 1223; x_wconf 84' lang='lat' dir='ltr'><strong>discipulos</strong></span> 
     </span>
    </p>
   </div>
   <div class='ocr_carea' id='block_1_12' title="bbox 836 1242 2368 1313">
    <p class='ocr_par' dir='ltr' id='par_1_12' title="bbox 836 1242 2368 1313">
     <span class='ocr_line' id='line_1_12' title="bbox 836 1242 2368 1313; baseline 0.001 -17"><span class='ocrx_word' id='word_1_75' title='bbox 836 1256 982 1309; x_wconf 86' lang='lat' dir='ltr'><strong>meos</strong></span> <span class='ocrx_word' id='word_1_76' title='bbox 1010 1246 1217 1297; x_wconf 81' lang='lat' dir='ltr'><strong>tantum</strong></span> <span class='ocrx_word' id='word_1_77' title='bbox 1240 1258 1346 1297; x_wconf 91' lang='lat' dir='ltr'><strong>non</strong></span> <span class='ocrx_word' id='word_1_78' title='bbox 1370 1258 1529 1313; x_wconf 90' lang='lat' dir='ltr'><strong>opere</strong></span> <span class='ocrx_word' id='word_1_79' title='bbox 1547 1242 1745 1297; x_wconf 77' lang='lat' dir='ltr'><strong>decens</strong></span> <span class='ocrx_word' id='word_1_80' title='bbox 1768 1244 1953 1312; x_wconf 88' lang='lat' dir='ltr'><strong>quales</strong></span> <span class='ocrx_word' id='word_1_81' title='bbox 1978 1258 2097 1299; x_wconf 86' lang='lat' dir='ltr'><strong>esse</strong></span> <span class='ocrx_word' id='word_1_82' title='bbox 2120 1243 2368 1307; x_wconf 83' lang='lat' dir='ltr'><strong>debeant,</strong></span> 
     </span>
    </p>
   </div>
   <div class='ocr_carea' id='block_1_13' title="bbox 780 1331 2368 1405">
    <p class='ocr_par' dir='ltr' id='par_1_13' title="bbox 780 1331 2368 1405">
     <span class='ocr_line' id='line_1_13' title="bbox 780 1331 2368 1405; baseline 0.001 -18"><span class='ocrx_word' id='word_1_83' title='bbox 780 1340 787 1347; x_wconf 89' lang='lat'><em>‘</em></span> <span class='ocrx_word' id='word_1_84' title='bbox 835 1331 881 1387; x_wconf 84' lang='lat' dir='ltr'><strong>si</strong></span> <span class='ocrx_word' id='word_1_85' title='bbox 913 1333 1129 1402; x_wconf 82' lang='lat' dir='ltr'><strong>quando</strong></span> <span class='ocrx_word' id='word_1_86' title='bbox 1170 1333 1225 1395; x_wconf 85' lang='lat' dir='ltr'><strong>in</strong></span> <span class='ocrx_word' id='word_1_87' title='bbox 1272 1334 1419 1405; x_wconf 85' lang='lat' dir='ltr'><strong>paria</strong></span> <span class='ocrx_word' id='word_1_88' title='bbox 1464 1332 1724 1388; x_wconf 85' lang='lat' dir='ltr'><strong>incidant.</strong></span> <span class='ocrx_word' id='word_1_89' title='bbox 1756 1332 1889 1398; x_wconf 87' lang='lat' dir='ltr'><strong>Quia</strong></span> <span class='ocrx_word' id='word_1_90' title='bbox 1936 1347 2064 1387; x_wconf 78' lang='lat' dir='ltr'><strong>vero</strong></span> <span class='ocrx_word' id='word_1_91' title='bbox 2090 1334 2145 1386; x_wconf 92' lang='lat' dir='ltr'><strong>in</strong></span> <span class='ocrx_word' id='word_1_92' title='bbox 2192 1334 2368 1388; x_wconf 91' lang='lat' dir='ltr'><strong>medio</strong></span> 
     </span>
    </p>
   </div>
   <div class='ocr_carea' id='block_1_14' title="bbox 837 1421 2368 1493">
    <p class='ocr_par' dir='ltr' id='par_1_14' title="bbox 837 1421 2368 1493">
     <span class='ocr_line' id='line_1_14' title="bbox 837 1421 2368 1493; baseline 0.002 -18"><span class='ocrx_word' id='word_1_93' title='bbox 837 1422 1050 1485; x_wconf 85' lang='lat' dir='ltr'><strong>dicitur,</strong></span> <span class='ocrx_word' id='word_1_94' title='bbox 1083 1421 1192 1493; x_wconf 85' lang='lat' dir='ltr'><strong>Ego</strong></span> <span class='ocrx_word' id='word_1_95' title='bbox 1230 1434 1399 1491; x_wconf 83' lang='lat' dir='ltr'><strong>autem</strong></span> <span class='ocrx_word' id='word_1_96' title='bbox 1445 1422 1677 1486; x_wconf 89' lang='lat' dir='ltr'><strong>orabam,</strong></span> <span class='ocrx_word' id='word_1_97' title='bbox 1709 1422 1802 1479; x_wconf 82' lang='lat' dir='ltr'><strong>sed</strong></span> <span class='ocrx_word' id='word_1_98' title='bbox 1843 1438 2085 1492; x_wconf 73' lang='lat' dir='ltr'><strong>quamam</strong></span> <span class='ocrx_word' id='word_1_99' title='bbox 2138 1437 2235 1491; x_wconf 91' lang='lat' dir='ltr'><strong>pro</strong></span> <span class='ocrx_word' id='word_1_100' title='bbox 2262 1424 2368 1479; x_wconf 83' lang='lat' dir='ltr'><strong>illis</strong></span> 
     </span>
    </p>
   </div>
   <div class='ocr_carea' id='block_1_15' title="bbox 837 1511 2366 1581">
    <p class='ocr_par' dir='ltr' id='par_1_15' title="bbox 837 1511 2366 1581">
     <span class='ocr_line' id='line_1_15' title="bbox 837 1511 2366 1581; baseline 0.002 -18"><span class='ocrx_word' id='word_1_101' title='bbox 837 1519 1148 1581; x_wconf 84' lang='lat' dir='ltr'><strong>precaretur</strong></span> <span class='ocrx_word' id='word_1_102' title='bbox 1180 1513 1381 1580; x_wconf 88' lang='lat' dir='ltr'><strong>scripto</strong></span> <span class='ocrx_word' id='word_1_103' title='bbox 1413 1526 1519 1564; x_wconf 90' lang='lat' dir='ltr'><strong>non</strong></span> <span class='ocrx_word' id='word_1_104' title='bbox 1549 1511 1812 1564; x_wconf 76' lang='lat' dir='ltr'><strong>traditur:</strong></span> <span class='ocrx_word' id='word_1_105' title='bbox 1843 1512 2109 1581; x_wconf 83' lang='lat' dir='ltr'><strong>quispiam</strong></span> <span class='ocrx_word' id='word_1_106' title='bbox 2145 1527 2253 1567; x_wconf 91' lang='lat' dir='ltr'><strong>non</strong></span> <span class='ocrx_word' id='word_1_107' title='bbox 2281 1512 2366 1566; x_wconf 85' lang='lat' dir='ltr'><strong>in-</strong></span> 
     </span>
    </p>
   </div>
   <div class='ocr_carea' id='block_1_16' title="bbox 835 1599 2369 1672">
    <p class='ocr_par' dir='ltr' id='par_1_16' title="bbox 835 1599 2369 1672">
     <span class='ocr_line' id='line_1_16' title="bbox 835 1599 2369 1672; baseline 0.003 -19"><span class='ocrx_word' id='word_1_108' title='bbox 835 1599 1111 1655; x_wconf 87' lang='lat' dir='ltr'><strong>commode</strong></span> <span class='ocrx_word' id='word_1_109' title='bbox 1150 1600 1362 1665; x_wconf 80' lang='lat' dir='ltr'><strong>dixerit,</strong></span> <span class='ocrx_word' id='word_1_110' title='bbox 1396 1601 1568 1670; x_wconf 86' lang='lat' dir='ltr'><strong>ipsum</strong></span> <span class='ocrx_word' id='word_1_111' title='bbox 1612 1603 1724 1657; x_wconf 81' lang='lat' dir='ltr'><strong>haec</strong></span> <span class='ocrx_word' id='word_1_112' title='bbox 1756 1618 1873 1672; x_wconf 69' lang='lat' dir='ltr'><strong>quae</strong></span> <span class='ocrx_word' id='word_1_113' title='bbox 1911 1602 2090 1669; x_wconf 77' lang='lat' dir='ltr'><strong>iacent</strong></span> <span class='ocrx_word' id='word_1_114' title='bbox 2134 1616 2232 1672; x_wconf 88' lang='lat' dir='ltr'><strong>pro</strong></span> <span class='ocrx_word' id='word_1_115' title='bbox 2263 1603 2369 1657; x_wconf 89' lang='lat' dir='ltr'><strong>illis</strong></span> 
     </span>
    </p>
   </div>
   <div class='ocr_carea' id='block_1_17' title="bbox 832 1687 2369 1763">
    <p class='ocr_par' dir='ltr' id='par_1_17' title="bbox 832 1687 2369 1763">
     <span class='ocr_line' id='line_1_17' title="bbox 832 1687 2369 1763; baseline 0.004 -23"><span class='ocrx_word' id='word_1_116' title='bbox 832 1687 997 1742; x_wconf 89' lang='lat' dir='ltr'><strong>etiam</strong></span> <span class='ocrx_word' id='word_1_117' title='bbox 1050 1696 1321 1763; x_wconf 87' lang='lat' dir='ltr'><strong>precatum</strong></span> <span class='ocrx_word' id='word_1_118' title='bbox 1354 1705 1493 1755; x_wconf 88' lang='lat' dir='ltr'><strong>esse,</strong></span> <span class='ocrx_word' id='word_1_119' title='bbox 1539 1706 1657 1760; x_wconf 65' lang='lat' dir='ltr'><strong>quae</strong></span> <span class='ocrx_word' id='word_1_120' title='bbox 1695 1691 1951 1746; x_wconf 74' lang='lat' dir='ltr'><strong>doctrinae</strong></span> <span class='ocrx_word' id='word_1_121' title='bbox 1984 1690 2149 1759; x_wconf 89' lang='lat' dir='ltr'><strong>ipsius</strong></span> <span class='ocrx_word' id='word_1_122' title='bbox 2195 1691 2369 1746; x_wconf 84' lang='lat' dir='ltr'><strong>alliuia</strong></span> 
     </span>
    </p>
   </div>
   <div class='ocr_carea' id='block_1_18' title="bbox 833 1776 2369 1847">
    <p class='ocr_par' dir='ltr' id='par_1_18' title="bbox 833 1776 2369 1847">
     <span class='ocr_line' id='line_1_18' title="bbox 833 1776 2369 1847; baseline -0.001 -17"><span class='ocrx_word' id='word_1_123' title='bbox 833 1782 989 1830; x_wconf 77' lang='lat' dir='ltr'><strong>erant</strong></span> <span class='ocrx_word' id='word_1_124' title='bbox 1016 1776 1240 1831; x_wconf 89' lang='lat' dir='ltr'><strong>dicentis</strong></span> <span class='ocrx_word' id='word_1_125' title='bbox 1266 1776 1457 1833; x_wconf 83' lang='lat' dir='ltr'><strong>:Orate</strong></span> <span class='ocrx_word' id='word_1_126' title='bbox 1490 1794 1583 1846; x_wconf 85' lang='lat' dir='ltr'><strong>pro</strong></span> <span class='ocrx_word' id='word_1_127' title='bbox 1611 1778 1913 1832; x_wconf 74' lang='lat' dir='ltr'><strong>lwdentibus</strong></span> <span class='ocrx_word' id='word_1_128' title='bbox 1945 1787 1993 1831; x_wconf 89' lang='lat' dir='ltr'><strong>et</strong></span> <span class='ocrx_word' id='word_1_129' title='bbox 2028 1780 2369 1847; x_wconf 86' lang='lat' dir='ltr'><strong>persequenti-</strong></span> 
     </span>
    </p>
   </div>
   <div class='ocr_carea' id='block_1_19' title="bbox 836 1863 2366 1936">
    <p class='ocr_par' dir='ltr' id='par_1_19' title="bbox 836 1863 2366 1936">
     <span class='ocr_line' id='line_1_19' title="bbox 836 1863 2366 1936; baseline 0.005 -21"><span class='ocrx_word' id='word_1_130' title='bbox 836 1863 931 1917; x_wconf 81' lang='lat' dir='ltr'><strong>bus</strong></span> <span class='ocrx_word' id='word_1_131' title='bbox 961 1880 1046 1919; x_wconf 75' lang='lat' dir='ltr'><strong>eos</strong></span> <span class='ocrx_word' id='word_1_132' title='bbox 1068 1864 1133 1920; x_wconf 87' lang='grc'><strong>⁸⁷.</strong></span> <span class='ocrx_word' id='word_1_133' title='bbox 1186 1864 1251 1918; x_wconf 83' lang='grc' dir='ltr'>Ει</span> <span class='ocrx_word' id='word_1_134' title='bbox 1292 1876 1578 1935; x_wconf 84' lang='lat' dir='ltr'><strong>posuerunt</strong></span> <span class='ocrx_word' id='word_1_135' title='bbox 1608 1867 1878 1921; x_wconf 80' lang='lat' dir='ltr'><strong>adversum</strong></span> <span class='ocrx_word' id='word_1_136' title='bbox 1902 1882 1981 1921; x_wconf 87' lang='lat' dir='ltr'><strong>me</strong></span> <span class='ocrx_word' id='word_1_137' title='bbox 1998 1866 2137 1920; x_wconf 89' lang='lat' dir='ltr'><strong>mala</strong></span> <span class='ocrx_word' id='word_1_138' title='bbox 2156 1881 2247 1935; x_wconf 81' lang='lat' dir='ltr'><strong>pro</strong></span> <span class='ocrx_word' id='word_1_139' title='bbox 2276 1867 2366 1936; x_wconf 46' lang='lat' dir='ltr'><strong>bo-</strong></span> 
     </span>
    </p>
   </div>
   <div class='ocr_carea' id='block_1_20' title="bbox 2464 703 4000 781">
    <p class='ocr_par' dir='ltr' id='par_1_20' title="bbox 2464 703 4000 781">
     <span class='ocr_line' id='line_1_20' title="bbox 2464 703 4000 781; baseline -0.003 -18"><span class='ocrx_word' id='word_1_140' title='bbox 2464 710 2644 781; x_wconf 85' lang='grc' dir='ltr'>γέτην,</span> <span class='ocrx_word' id='word_1_141' title='bbox 2694 709 2785 761; x_wconf 73' lang='grc' dir='ltr'><strong>καὶ</strong></span> <span class='ocrx_word' id='word_1_142' title='bbox 2832 708 2904 778; x_wconf 82' lang='grc' dir='ltr'>μὴ</span> <span class='ocrx_word' id='word_1_143' title='bbox 2938 708 3092 776; x_wconf 87' lang='grc' dir='ltr'>μόνον</span> <span class='ocrx_word' id='word_1_144' title='bbox 3132 707 3237 759; x_wconf 87' lang='grc' dir='ltr'><strong>τῶν</strong></span> <span class='ocrx_word' id='word_1_145' title='bbox 3281 706 3561 776; x_wconf 80' lang='grc' dir='ltr'>σωμάτων,</span> <span class='ocrx_word' id='word_1_146' title='bbox 3607 703 3741 759; x_wconf 79' lang='grc' dir='ltr'><strong>ἀλλὰ</strong></span> <span class='ocrx_word' id='word_1_147' title='bbox 3770 706 3863 759; x_wconf 73' lang='grc' dir='ltr'><strong>καὶ</strong></span> <span class='ocrx_word' id='word_1_148' title='bbox 3894 706 4000 759; x_wconf 87' lang='grc' dir='ltr'><strong>τῶν</strong></span> 
     </span>
    </p>
   </div>
   <div class='ocr_carea' id='block_1_21' title="bbox 2463 793 4000 878">
    <p class='ocr_par' dir='ltr' id='par_1_21' title="bbox 2463 793 4000 878">
     <span class='ocr_line' id='line_1_21' title="bbox 2463 793 4000 878; baseline -0.001 -25"><span class='ocrx_word' id='word_1_149' title='bbox 2463 799 2646 878; x_wconf 77' lang='grc' dir='ltr'>ψυχῶν</span> <span class='ocrx_word' id='word_1_150' title='bbox 2681 797 2857 867; x_wconf 86' lang='grc' dir='ltr'>ἰατρόν</span> <span class='ocrx_word' id='word_1_151' title='bbox 2876 813 2889 827; x_wconf 88' lang='grc'>·</span> <span class='ocrx_word' id='word_1_152' title='bbox 2921 796 2968 848; x_wconf 85' lang='grc' dir='ltr'><strong>οἰ</strong></span> <span class='ocrx_word' id='word_1_153' title='bbox 3005 795 3061 848; x_wconf 92' lang='grc' dir='ltr'><strong>δέ</strong></span> <span class='ocrx_word' id='word_1_154' title='bbox 3099 795 3343 859; x_wconf 76' lang='grc' dir='ltr'>διαϐολὰς</span> <span class='ocrx_word' id='word_1_155' title='bbox 3371 793 3637 866; x_wconf 77' lang='grc' dir='ltr'>ἐρῤαπτον</span> <span class='ocrx_word' id='word_1_156' title='bbox 3669 795 3789 850; x_wconf 84' lang='grc' dir='ltr'>κατ’</span> <span class='ocrx_word' id='word_1_157' title='bbox 3815 795 4000 852; x_wconf 79' lang='grc' dir='ltr'>αὐτοῦ.</span> 
     </span>
    </p>
   </div>
   <div class='ocr_carea' id='block_1_22' title="bbox 2546 944 4006 1016">
    <p class='ocr_par' dir='ltr' id='par_1_22' title="bbox 2546 944 4006 1016">
     <span class='ocr_line' id='line_1_22' title="bbox 2546 944 4006 1016; baseline -0.001 -15"><span class='ocrx_word' id='word_1_158' title='bbox 2546 947 2690 1001; x_wconf 81' lang='grc' dir='ltr'>Ἆντὶ</span> <span class='ocrx_word' id='word_1_159' title='bbox 2716 947 2819 1000; x_wconf 87' lang='grc' dir='ltr'>τοῦ</span> <span class='ocrx_word' id='word_1_160' title='bbox 2846 946 3079 1015; x_wconf 82' lang='grc' dir='ltr'>ἀγαπᾷν</span> <span class='ocrx_word' id='word_1_161' title='bbox 3118 964 3194 1015; x_wconf 86' lang='grc' dir='ltr'><strong>με</strong></span> <span class='ocrx_word' id='word_1_162' title='bbox 3230 945 3609 1000; x_wconf 75' lang='grc' dir='ltr'>ἐνδιέϐαλλόν</span> <span class='ocrx_word' id='word_1_163' title='bbox 3629 962 3703 1014; x_wconf 82' lang='grc' dir='ltr'><strong>με</strong></span> <span class='ocrx_word' id='word_1_164' title='bbox 3724 962 3738 975; x_wconf 90' lang='grc'><strong>·</strong></span> <span class='ocrx_word' id='word_1_165' title='bbox 3781 945 3896 1016; x_wconf 67' lang='grc' dir='ltr'><strong>ἐγὼ</strong></span> <span class='ocrx_word' id='word_1_166' title='bbox 3935 944 4006 999; x_wconf 70' lang='lat' dir='ltr'><strong>se</strong></span> 
     </span>
    </p>
   </div>
   <div class='ocr_carea' id='block_1_23' title="bbox 2465 1033 4004 1105">
    <p class='ocr_par' dir='ltr' id='par_1_23' title="bbox 2465 1033 4004 1105">
     <span class='ocr_line' id='line_1_23' title="bbox 2465 1033 4004 1105; baseline -0.001 -16"><span class='ocrx_word' id='word_1_167' title='bbox 2465 1039 2904 1105; x_wconf 53' lang='grc' dir='ltr'>προσηκάμην.</span> <span class='ocrx_word' id='word_1_168' title='bbox 2954 1037 3061 1091; x_wconf 82' lang='grc' dir='ltr'><strong>Καὶ</strong></span> <span class='ocrx_word' id='word_1_169' title='bbox 3097 1036 3297 1091; x_wconf 82' lang='grc' dir='ltr'>έθεντο</span> <span class='ocrx_word' id='word_1_170' title='bbox 3338 1036 3462 1089; x_wconf 82' lang='grc' dir='ltr'>κατ’</span> <span class='ocrx_word' id='word_1_171' title='bbox 3491 1036 3635 1105; x_wconf 84' lang='grc' dir='ltr'><strong>ἐμοῦ</strong></span> <span class='ocrx_word' id='word_1_172' title='bbox 3680 1034 3832 1088; x_wconf 82' lang='grc' dir='ltr'>κακὰ</span> <span class='ocrx_word' id='word_1_173' title='bbox 3871 1033 4004 1092; x_wconf 75' lang='grc' dir='ltr'>ἀντὶ</span> 
     </span>
    </p>
   </div>
   <div class='ocr_carea' id='block_1_24' title="bbox 2465 1124 4010 1195">
    <p class='ocr_par' dir='ltr' id='par_1_24' title="bbox 2465 1124 4010 1195">
     <span class='ocr_line' id='line_1_24' title="bbox 2465 1124 4010 1195; baseline -0.001 -15"><span class='ocrx_word' id='word_1_174' title='bbox 2465 1126 2713 1195; x_wconf 76' lang='grc' dir='ltr'>ἀγαθῶν,</span> <span class='ocrx_word' id='word_1_175' title='bbox 2763 1127 2858 1180; x_wconf 76' lang='grc' dir='ltr'>καί</span> <span class='ocrx_word' id='word_1_176' title='bbox 2876 1126 3052 1195; x_wconf 86' lang='grc' dir='ltr'>μῖσος</span> <span class='ocrx_word' id='word_1_177' title='bbox 3083 1125 3211 1180; x_wconf 72' lang='grc' dir='ltr'>ἀντὶ</span> <span class='ocrx_word' id='word_1_178' title='bbox 3240 1125 3347 1193; x_wconf 82' lang='grc' dir='ltr'>τῆς</span> <span class='ocrx_word' id='word_1_179' title='bbox 3372 1124 3720 1193; x_wconf 56' lang='grc' dir='ltr'>άηπήσεώς</span> <span class='ocrx_word' id='word_1_180' title='bbox 3743 1140 3880 1195; x_wconf 65' lang='lat' dir='ltr'><strong>pair</strong></span> <span class='ocrx_word' id='word_1_181' title='bbox 3912 1142 4010 1195; x_wconf 67' lang='grc' dir='ltr'>μο-,</span> 
     </span>
    </p>
   </div>
   <div class='ocr_carea' id='block_1_25' title="bbox 2466 1213 4006 1287">
    <p class='ocr_par' dir='ltr' id='par_1_25' title="bbox 2466 1213 4006 1287">
     <span class='ocr_line' id='line_1_25' title="bbox 2466 1213 4006 1287; baseline -0.001 -17"><span class='ocrx_word' id='word_1_182' title='bbox 2466 1217 2671 1287; x_wconf 79' lang='grc' dir='ltr'>νονουχὶ</span> <span class='ocrx_word' id='word_1_183' title='bbox 2695 1217 2929 1280; x_wconf 71' lang='grc' dir='ltr'>καὶτοὺς</span> <span class='ocrx_word' id='word_1_184' title='bbox 2960 1215 3081 1285; x_wconf 73' lang='grc' dir='ltr'>ἐμοὶ</span> <span class='ocrx_word' id='word_1_185' title='bbox 3099 1215 3555 1285; x_wconf 84' lang='grc' dir='ltr'>μαθητευομένους</span> <span class='ocrx_word' id='word_1_186' title='bbox 3581 1215 3723 1287; x_wconf 77' lang='grc' dir='ltr'>ἔργῳ</span> <span class='ocrx_word' id='word_1_187' title='bbox 3745 1213 4006 1269; x_wconf 80' lang='grc' dir='ltr'><strong>διδάσκων</strong></span> 
     </span>
    </p>
   </div>
   <div class='ocr_carea' id='block_1_26' title="bbox 2466 1300 4008 1377">
    <p class='ocr_par' dir='ltr' id='par_1_26' title="bbox 2466 1300 4008 1377">
     <span class='ocr_line' id='line_1_26' title="bbox 2466 1300 4008 1377; baseline -0.001 -17"><span class='ocrx_word' id='word_1_188' title='bbox 2466 1308 2674 1370; x_wconf 80' lang='grc' dir='ltr'><strong>ὁποίους</strong></span> <span class='ocrx_word' id='word_1_189' title='bbox 2689 1307 2780 1361; x_wconf 79' lang='grc' dir='ltr'>καὶ</span> <span class='ocrx_word' id='word_1_190' title='bbox 2800 1306 2993 1375; x_wconf 70' lang='grc' dir='ltr'>αὐτοὺς</span> <span class='ocrx_word' id='word_1_191' title='bbox 3012 1300 3146 1358; x_wconf 76' lang='grc' dir='ltr'>εῖναι</span> <span class='ocrx_word' id='word_1_192' title='bbox 3163 1306 3438 1374; x_wconf 83' lang='grc' dir='ltr'>προσήκει,</span> <span class='ocrx_word' id='word_1_193' title='bbox 3459 1306 3512 1357; x_wconf 83' lang='grc' dir='ltr'><strong>εἰ</strong></span> <span class='ocrx_word' id='word_1_194' title='bbox 3532 1322 3658 1359; x_wconf 85' lang='grc' dir='ltr'>ποτε</span> <span class='ocrx_word' id='word_1_195' title='bbox 3675 1306 3785 1369; x_wconf 83' lang='grc' dir='ltr'>τοῖς</span> <span class='ocrx_word' id='word_1_196' title='bbox 3805 1306 4008 1377; x_wconf 79' lang='grc' dir='ltr'>ὁμοίοις</span> 
     </span>
    </p>
   </div>
   <div class='ocr_carea' id='block_1_27' title="bbox 2466 1394 4010 1468">
    <p class='ocr_par' dir='ltr' id='par_1_27' title="bbox 2466 1394 4010 1468">
     <span class='ocr_line' id='line_1_27' title="bbox 2466 1394 4010 1468; baseline -0.003 -17"><span class='ocrx_word' id='word_1_197' title='bbox 2466 1398 2854 1468; x_wconf 82' lang='grc' dir='ltr'>περιπίπτοιεν.</span> <span class='ocrx_word' id='word_1_198' title='bbox 2904 1395 3052 1449; x_wconf 79' lang='grc' dir='ltr'>Ἐπεὶ</span> <span class='ocrx_word' id='word_1_199' title='bbox 3082 1394 3136 1447; x_wconf 88' lang='grc' dir='ltr'>δὲ</span> <span class='ocrx_word' id='word_1_200' title='bbox 3173 1394 3348 1465; x_wconf 87' lang='grc' dir='ltr'>μέσως</span> <span class='ocrx_word' id='word_1_201' title='bbox 3395 1396 3602 1466; x_wconf 78' lang='grc' dir='ltr'>εἴρηται</span> <span class='ocrx_word' id='word_1_202' title='bbox 3642 1395 3734 1449; x_wconf 88' lang='grc' dir='ltr'>τό·</span> <span class='ocrx_word' id='word_1_203' title='bbox 3774 1395 3912 1463; x_wconf 66' lang='grc' dir='ltr'><strong>Ἐτὼ</strong></span> <span class='ocrx_word' id='word_1_204' title='bbox 3940 1394 4010 1447; x_wconf 73' lang='grc' dir='ltr'>δὲ</span> 
     </span>
    </p>
   </div>
   <div class='ocr_carea' id='block_1_28' title="bbox 2466 1480 4017 1555">
    <p class='ocr_par' dir='ltr' id='par_1_28' title="bbox 2466 1480 4017 1555">
     <span class='ocr_line' id='line_1_28' title="bbox 2466 1480 4017 1555; baseline -0.001 -16"><span class='ocrx_word' id='word_1_205' title='bbox 2466 1488 2891 1555; x_wconf 81' lang='grc' dir='ltr'>προσηυχόμην</span> <span class='ocrx_word' id='word_1_206' title='bbox 2912 1502 2925 1516; x_wconf 79' lang='grc'><strong>’</strong></span> <span class='ocrx_word' id='word_1_207' title='bbox 2954 1484 3073 1538; x_wconf 88' lang='grc' dir='ltr'>τίνα</span> <span class='ocrx_word' id='word_1_208' title='bbox 3097 1483 3155 1536; x_wconf 87' lang='grc' dir='ltr'>δὲ</span> <span class='ocrx_word' id='word_1_209' title='bbox 3192 1480 3260 1554; x_wconf 80' lang='grc' dir='ltr'>ἦν</span> <span class='ocrx_word' id='word_1_210' title='bbox 3306 1483 3342 1538; x_wconf 76' lang='grc' dir='ltr'>ἃ</span> <span class='ocrx_word' id='word_1_211' title='bbox 3376 1482 3707 1555; x_wconf 83' lang='grc' dir='ltr'><strong>προσηύχετο</strong></span> <span class='ocrx_word' id='word_1_212' title='bbox 3748 1484 3841 1537; x_wconf 80' lang='grc' dir='ltr'><strong>καὶ</strong></span> <span class='ocrx_word' id='word_1_213' title='bbox 3871 1483 4017 1555; x_wconf 22' lang='grc' dir='ltr'>ὑπὲρ,</span> 
     </span>
    </p>
   </div>
   <div class='ocr_carea' id='block_1_29' title="bbox 2466 1573 4013 1651">
    <p class='ocr_par' dir='ltr' id='par_1_29' title="bbox 2466 1573 4013 1651">
     <span class='ocr_line' id='line_1_29' title="bbox 2466 1573 4013 1651; baseline -0.001 -22"><span class='ocrx_word' id='word_1_214' title='bbox 2466 1578 2702 1641; x_wconf 85' lang='grc' dir='ltr'>ἐκείνων,</span> <span class='ocrx_word' id='word_1_215' title='bbox 2729 1577 2827 1651; x_wconf 83' lang='grc' dir='ltr'>οὐκ</span> <span class='ocrx_word' id='word_1_216' title='bbox 2862 1575 3185 1646; x_wconf 72' lang='grc' dir='ltr'><strong>ἐμφέρεται·</strong></span> <span class='ocrx_word' id='word_1_217' title='bbox 3220 1573 3360 1629; x_wconf 81' lang='grc' dir='ltr'>εἴποι</span> <span class='ocrx_word' id='word_1_218' title='bbox 3377 1575 3419 1631; x_wconf 85' lang='grc' dir='ltr'>δ’</span> <span class='ocrx_word' id='word_1_219' title='bbox 3452 1575 3516 1629; x_wconf 79' lang='grc' dir='ltr'>ἄν</span> <span class='ocrx_word' id='word_1_220' title='bbox 3548 1591 3631 1638; x_wconf 88' lang='grc' dir='ltr'><strong>τις</strong></span> <span class='ocrx_word' id='word_1_221' title='bbox 3657 1573 3899 1638; x_wconf 77' lang='grc' dir='ltr'><strong>εἰκότως,</strong></span> <span class='ocrx_word' id='word_1_222' title='bbox 3929 1574 4013 1647; x_wconf 72' lang='grc' dir='ltr'>ὅτι</span> 
     </span>
    </p>
   </div>
   <div class='ocr_carea' id='block_1_30' title="bbox 2467 1663 4011 1736">
    <p class='ocr_par' dir='ltr' id='par_1_30' title="bbox 2467 1663 4011 1736">
     <span class='ocr_line' id='line_1_30' title="bbox 2467 1663 4011 1736; baseline -0.002 -16"><span class='ocrx_word' id='word_1_223' title='bbox 2467 1668 2636 1721; x_wconf 80' lang='grc' dir='ltr'>ταῦτα</span> <span class='ocrx_word' id='word_1_224' title='bbox 2656 1667 2987 1736; x_wconf 83' lang='grc' dir='ltr'><strong>προσηύχετο</strong></span> <span class='ocrx_word' id='word_1_225' title='bbox 3016 1665 3111 1719; x_wconf 77' lang='grc' dir='ltr'><strong>καὶ</strong></span> <span class='ocrx_word' id='word_1_226' title='bbox 3152 1666 3287 1736; x_wconf 79' lang='grc' dir='ltr'>ὑπὲρ</span> <span class='ocrx_word' id='word_1_227' title='bbox 3316 1664 3554 1729; x_wconf 90' lang='grc' dir='ltr'>ἐκείνων,</span> <span class='ocrx_word' id='word_1_228' title='bbox 3586 1664 3621 1718; x_wconf 77' lang='grc' dir='ltr'>ἃ</span> <span class='ocrx_word' id='word_1_229' title='bbox 3659 1664 3723 1735; x_wconf 81' lang='grc' dir='ltr'>δὴ</span> <span class='ocrx_word' id='word_1_230' title='bbox 3749 1663 4011 1733; x_wconf 83' lang='grc' dir='ltr'>σύμφωνα</span> 
     </span>
    </p>
   </div>
   <div class='ocr_carea' id='block_1_31' title="bbox 2466 1747 4013 1827">
    <p class='ocr_par' dir='ltr' id='par_1_31' title="bbox 2466 1747 4013 1827">
     <span class='ocr_line' id='line_1_31' title="bbox 2466 1747 4013 1827; baseline -0.001 -18"><span class='ocrx_word' id='word_1_231' title='bbox 2466 1753 2533 1827; x_wconf 83' lang='grc' dir='ltr'>ἦν</span> <span class='ocrx_word' id='word_1_232' title='bbox 2556 1758 2671 1819; x_wconf 82' lang='grc' dir='ltr'>ταῖς</span> <span class='ocrx_word' id='word_1_233' title='bbox 2706 1754 2867 1809; x_wconf 79' lang='grc' dir='ltr'>αὐτοῦ</span> <span class='ocrx_word' id='word_1_234' title='bbox 2892 1755 3273 1820; x_wconf 83' lang='grc' dir='ltr'><strong>διδασκαλίαις,</strong></span> <span class='ocrx_word' id='word_1_235' title='bbox 3298 1755 3364 1808; x_wconf 87' lang='grc' dir='ltr'>δι’</span> <span class='ocrx_word' id='word_1_236' title='bbox 3386 1747 3459 1808; x_wconf 83' lang='grc' dir='ltr'><strong>ῶν</strong></span> <span class='ocrx_word' id='word_1_237' title='bbox 3490 1754 3691 1824; x_wconf 73' lang='grc' dir='ltr'>ἔφασκε</span> <span class='ocrx_word' id='word_1_238' title='bbox 3714 1773 3729 1787; x_wconf 72' lang='grc' dir='ltr'>ο</span> <span class='ocrx_word' id='word_1_239' title='bbox 3760 1755 4013 1823; x_wconf 84' lang='grc' dir='ltr'>Προσεύ-</span> 
     </span>
    </p>
   </div>
   <div class='ocr_carea' id='block_1_32' title="bbox 2470 1843 4012 1915">
    <p class='ocr_par' dir='ltr' id='par_1_32' title="bbox 2470 1843 4012 1915">
     <span class='ocr_line' id='line_1_32' title="bbox 2470 1843 4012 1915; baseline -0.002 -14"><span class='ocrx_word' id='word_1_240' title='bbox 2470 1851 2647 1915; x_wconf 84' lang='grc' dir='ltr'>χεσθε</span> <span class='ocrx_word' id='word_1_241' title='bbox 2697 1845 2845 1914; x_wconf 84' lang='grc' dir='ltr'>ὑπὲρ</span> <span class='ocrx_word' id='word_1_242' title='bbox 2890 1844 3009 1898; x_wconf 85' lang='grc' dir='ltr'><strong>τῶν</strong></span> <span class='ocrx_word' id='word_1_243' title='bbox 3058 1843 3492 1914; x_wconf 73' lang='grc' dir='ltr'><strong>ἐπηρεαζόντων</strong></span> <span class='ocrx_word' id='word_1_244' title='bbox 3539 1844 3637 1900; x_wconf 76' lang='grc' dir='ltr'><strong>καὶ</strong></span> <span class='ocrx_word' id='word_1_245' title='bbox 3682 1844 4012 1899; x_wconf 75' lang='grc' dir='ltr'><strong>διωκόντων</strong></span> 
     </span>
    </p>
   </div>
   <div class='ocr_carea' id='block_1_33' title="bbox 836 1931 2541 2025">
    <p class='ocr_par' dir='ltr' id='par_1_33' title="bbox 836 1931 2541 2025">
     <span class='ocr_line' id='line_1_33' title="bbox 836 1931 2541 2025; baseline 0 -20"><span class='ocrx_word' id='word_1_246' title='bbox 836 1952 937 2016; x_wconf 81' lang='lat' dir='ltr'><strong>nis,</strong></span> <span class='ocrx_word' id='word_1_247' title='bbox 965 1962 1015 2007; x_wconf 87' lang='lat' dir='ltr'><strong>et</strong></span> <span class='ocrx_word' id='word_1_248' title='bbox 1056 1953 1231 2025; x_wconf 78' lang='lat' dir='ltr'><strong>odium</strong></span> <span class='ocrx_word' id='word_1_249' title='bbox 1267 1931 1359 2022; x_wconf 84' lang='lat' dir='ltr'><strong>pro</strong></span> <span class='ocrx_word' id='word_1_250' title='bbox 1385 1955 1657 2011; x_wconf 81' lang='lat' dir='ltr'><strong>dilectione</strong></span> <span class='ocrx_word' id='word_1_251' title='bbox 1683 1972 1814 2009; x_wconf 88' lang='lat' dir='ltr'><strong>mea.</strong></span> <span class='ocrx_word' id='word_1_252' title='bbox 1858 1954 1969 2010; x_wconf 84' lang='lat' dir='ltr'><strong>Hac</strong></span> <span class='ocrx_word' id='word_1_253' title='bbox 1998 1956 2064 2011; x_wconf 84' lang='lat' dir='ltr'><strong>de</strong></span> <span class='ocrx_word' id='word_1_254' title='bbox 2108 1931 2166 2011; x_wconf 83' lang='lat' dir='ltr'><strong>re</strong></span> <span class='ocrx_word' id='word_1_255' title='bbox 2187 1933 2369 2012; x_wconf 83' lang='lat' dir='ltr'><strong>dicen-</strong></span> <span class='ocrx_word' id='word_1_256' title='bbox 2401 1934 2442 1987; x_wconf 75' lang='grc' dir='ltr'>Β</span> <span class='ocrx_word' id='word_1_257' title='bbox 2468 1938 2541 2005; x_wconf 72' lang='grc' dir='ltr'><strong>ὐμ</strong></span> 
     </span>
    </p>
   </div>
   <div class='ocr_carea' id='block_1_34' title="bbox 2302 1931 4007 2025">
    <p class='ocr_par' dir='ltr' id='par_1_34' title="bbox 2302 1931 4007 2025">
     <span class='ocr_line' id='line_1_34' title="bbox 2302 1931 4007 2025; baseline -0.002 -36"><span class='ocrx_word' id='word_1_258' title='bbox 2302 1933 2369 2009; x_wconf 65' lang='lat' dir='ltr'><strong>fn_</strong></span> <span class='ocrx_word' id='word_1_259' title='bbox 2401 1934 2442 1987; x_wconf 88' lang='lat' dir='ltr'><strong>B</strong></span> <span class='ocrx_word' id='word_1_260' title='bbox 2468 1934 2638 2005; x_wconf 83' lang='grc' dir='ltr'>ὑμᾶς.</span> <span class='ocrx_word' id='word_1_261' title='bbox 2661 1964 2729 1974; x_wconf 92' lang='grc'><strong>-</strong></span> <span class='ocrx_word' id='word_1_262' title='bbox 2748 1936 2854 1989; x_wconf 83' lang='lat' dir='ltr'><strong>Kal</strong></span> <span class='ocrx_word' id='word_1_263' title='bbox 2880 1934 3080 1990; x_wconf 80' lang='grc' dir='ltr'>ἔθεντο</span> <span class='ocrx_word' id='word_1_264' title='bbox 3103 1936 3229 1989; x_wconf 81' lang='grc' dir='ltr'>κατ’</span> <span class='ocrx_word' id='word_1_265' title='bbox 3257 1934 3399 2004; x_wconf 79' lang='grc' dir='ltr'>ἐμοῦ</span> <span class='ocrx_word' id='word_1_266' title='bbox 3428 1934 3579 1990; x_wconf 77' lang='grc' dir='ltr'>κακὰ</span> <span class='ocrx_word' id='word_1_267' title='bbox 3600 1934 3730 1989; x_wconf 75' lang='grc' dir='ltr'>ἀντί</span> <span class='ocrx_word' id='word_1_268' title='bbox 3756 1931 4007 2025; x_wconf 74' lang='grc' dir='ltr'>ἀγαθῶν,</span> 
     </span>
    </p>
   </div>
   <div class='ocr_carea' id='block_1_35' title="bbox 836 2042 2369 2117">
    <p class='ocr_par' dir='ltr' id='par_1_35' title="bbox 836 2042 2369 2117">
     <span class='ocr_line' id='line_1_35' title="bbox 836 2042 2369 2117; baseline 0.005 -23"><span class='ocrx_word' id='word_1_269' title='bbox 836 2042 963 2095; x_wconf 88' lang='lat' dir='ltr'><strong>dum</strong></span> <span class='ocrx_word' id='word_1_270' title='bbox 992 2044 1162 2108; x_wconf 88' lang='lat' dir='ltr'><strong>nihil,</strong></span> <span class='ocrx_word' id='word_1_271' title='bbox 1202 2059 1323 2099; x_wconf 91' lang='lat' dir='ltr'><strong>cum</strong></span> <span class='ocrx_word' id='word_1_272' title='bbox 1369 2044 1594 2101; x_wconf 79' lang='lat' dir='ltr'><strong>historia</strong></span> <span class='ocrx_word' id='word_1_273' title='bbox 1638 2047 1940 2117; x_wconf 83' lang='lat' dir='ltr'><strong>evangelica</strong></span> <span class='ocrx_word' id='word_1_274' title='bbox 1968 2046 2369 2113; x_wconf 72' lang='lat' dir='ltr'><strong>multitudinem</strong></span> 
     </span>
    </p>
   </div>
   <div class='ocr_carea' id='block_1_36' title="bbox 835 2130 2369 2207">
    <p class='ocr_par' dir='ltr' id='par_1_36' title="bbox 835 2130 2369 2207">
     <span class='ocr_line' id='line_1_36' title="bbox 835 2130 2369 2207; baseline 0 -18"><span class='ocrx_word' id='word_1_275' title='bbox 835 2130 1240 2197; x_wconf 81' lang='lat' dir='ltr'><strong>beneﬁciorum,</strong></span> <span class='ocrx_word' id='word_1_276' title='bbox 1263 2148 1380 2206; x_wconf 69' lang='lat' dir='ltr'><strong>quae</strong></span> <span class='ocrx_word' id='word_1_277' title='bbox 1414 2136 1725 2191; x_wconf 84' lang='lat' dir='ltr'><strong>incarnatus</strong></span> <span class='ocrx_word' id='word_1_278' title='bbox 1750 2136 2061 2192; x_wconf 89' lang='lat' dir='ltr'><strong>hominibus</strong></span> <span class='ocrx_word' id='word_1_279' title='bbox 2092 2137 2369 2207; x_wconf 82' lang='lat' dir='ltr'><strong>impertiit,</strong></span> 
     </span>
    </p>
   </div>
   <div class='ocr_carea' id='block_1_37' title="bbox 835 2222 2368 2301">
    <p class='ocr_par' dir='ltr' id='par_1_37' title="bbox 835 2222 2368 2301">
     <span class='ocr_line' id='line_1_37' title="bbox 835 2222 2368 2301; baseline 0.004 -27"><span class='ocrx_word' id='word_1_280' title='bbox 835 2222 1237 2292; x_wconf 80' lang='lat' dir='ltr'><strong>complectatur,</strong></span> <span class='ocrx_word' id='word_1_281' title='bbox 1284 2239 1407 2278; x_wconf 91' lang='lat' dir='ltr'><strong>cum</strong></span> <span class='ocrx_word' id='word_1_282' title='bbox 1437 2225 1646 2281; x_wconf 89' lang='lat' dir='ltr'><strong>scilicet</strong></span> <span class='ocrx_word' id='word_1_283' title='bbox 1692 2234 1904 2301; x_wconf 82' lang='lat' dir='ltr'><strong>curaret</strong></span> <span class='ocrx_word' id='word_1_284' title='bbox 1935 2241 2146 2295; x_wconf 86' lang='lat' dir='ltr'><strong>omnem</strong></span> <span class='ocrx_word' id='word_1_285' title='bbox 2184 2224 2368 2281; x_wconf 87' lang='lat' dir='ltr'><strong>eorum</strong></span> 
     </span>
    </p>
   </div>
   <div class='ocr_carea' id='block_1_38' title="bbox 836 2308 1626 2385">
    <p class='ocr_par' dir='ltr' id='par_1_38' title="bbox 836 2308 1626 2385">
     <span class='ocr_line' id='line_1_38' title="bbox 836 2308 1626 2385; baseline 0.006 -24"><span class='ocrx_word' id='word_1_286' title='bbox 836 2308 1143 2385; x_wconf 79' lang='lat' dir='ltr'><strong>languorem</strong></span> <span class='ocrx_word' id='word_1_287' title='bbox 1166 2319 1220 2367; x_wconf 88' lang='lat' dir='ltr'><strong>et</strong></span> <span class='ocrx_word' id='word_1_288' title='bbox 1245 2312 1626 2381; x_wconf 85' lang='lat' dir='ltr'><strong>inﬁrmitatem.</strong></span> 
     </span>
    </p>
   </div>
   <div class='ocr_carea' id='block_1_39' title="bbox 902 2462 2369 2542">
    <p class='ocr_par' dir='ltr' id='par_1_39' title="bbox 902 2462 2369 2542">
     <span class='ocr_line' id='line_1_39' title="bbox 902 2462 2369 2542; baseline 0.002 -25"><span class='ocrx_word' id='word_1_289' title='bbox 902 2462 1065 2540; x_wconf 61' lang='lat' dir='ltr'><strong>Vens.</strong></span> <span class='ocrx_word' id='word_1_290' title='bbox 1090 2464 1244 2519; x_wconf 76' lang='lat'><strong>6-10.</strong></span> <span class='ocrx_word' id='word_1_291' title='bbox 1293 2462 1560 2542; x_wconf 58' lang='lat' dir='ltr'><strong>constitue</strong></span> <span class='ocrx_word' id='word_1_292' title='bbox 1608 2483 1759 2535; x_wconf 85' lang='lat' dir='ltr'><strong>super</strong></span> <span class='ocrx_word' id='word_1_293' title='bbox 1784 2483 1899 2521; x_wconf 90' lang='lat' dir='ltr'><strong>eum</strong></span> <span class='ocrx_word' id='word_1_294' title='bbox 1944 2480 2277 2539; x_wconf 78' lang='lat' dir='ltr'><strong>peccatorem,</strong></span> <span class='ocrx_word' id='word_1_295' title='bbox 2320 2478 2369 2525; x_wconf 87' lang='lat' dir='ltr'><strong>et</strong></span> 
     </span>
    </p>
   </div>
   <div class='ocr_carea' id='block_1_40' title="bbox 835 2552 2372 2628">
    <p class='ocr_par' dir='ltr' id='par_1_40' title="bbox 835 2552 2372 2628">
     <span class='ocr_line' id='line_1_40' title="bbox 835 2552 2372 2628; baseline 0.005 -22"><span class='ocrx_word' id='word_1_296' title='bbox 835 2552 1073 2607; x_wconf 72' lang='lat' dir='ltr'><strong>diabolus</strong></span> <span class='ocrx_word' id='word_1_297' title='bbox 1104 2563 1200 2613; x_wconf 84' lang='lat' dir='ltr'><strong>stet</strong></span> <span class='ocrx_word' id='word_1_298' title='bbox 1230 2570 1262 2606; x_wconf 94' lang='lat' dir='ltr'><strong>a</strong></span> <span class='ocrx_word' id='word_1_299' title='bbox 1292 2554 1487 2609; x_wconf 72' lang='lat' dir='ltr'><strong>dextris</strong></span> <span class='ocrx_word' id='word_1_300' title='bbox 1524 2556 1657 2623; x_wconf 85' lang='lat' dir='ltr'><strong>eius.</strong></span> <span class='ocrx_word' id='word_1_301' title='bbox 1682 2555 1784 2625; x_wconf 85' lang='lat' dir='ltr'><strong>Qui</strong></span> <span class='ocrx_word' id='word_1_302' title='bbox 1823 2558 1984 2611; x_wconf 88' lang='lat' dir='ltr'><strong>etiam</strong></span> <span class='ocrx_word' id='word_1_303' title='bbox 2017 2558 2188 2628; x_wconf 89' lang='lat' dir='ltr'><strong>ipsum</strong></span> <span class='ocrx_word' id='word_1_304' title='bbox 2218 2574 2372 2613; x_wconf 89' lang='lat' dir='ltr'><strong>ener-</strong></span> 
     </span>
    </p>
   </div>
   <div class='ocr_carea' id='block_1_41' title="bbox 837 2644 2371 2715">
    <p class='ocr_par' dir='ltr' id='par_1_41' title="bbox 837 2644 2371 2715">
     <span class='ocr_line' id='line_1_41' title="bbox 837 2644 2371 2715; baseline 0.007 -23"><span class='ocrx_word' id='word_1_305' title='bbox 837 2644 997 2706; x_wconf 81' lang='lat' dir='ltr'><strong>vavit,</strong></span> <span class='ocrx_word' id='word_1_306' title='bbox 1026 2658 1087 2697; x_wconf 86' lang='lat' dir='ltr'><strong>ac</strong></span> <span class='ocrx_word' id='word_1_307' title='bbox 1120 2644 1383 2709; x_wconf 89' lang='lat' dir='ltr'><strong>omnibus,</strong></span> <span class='ocrx_word' id='word_1_308' title='bbox 1412 2660 1531 2715; x_wconf 70' lang='lat' dir='ltr'><strong>qua:</strong></span> <span class='ocrx_word' id='word_1_309' title='bbox 1559 2647 1709 2715; x_wconf 89' lang='lat' dir='ltr'><strong>prius</strong></span> <span class='ocrx_word' id='word_1_310' title='bbox 1738 2646 1794 2700; x_wconf 91' lang='lat' dir='ltr'><strong>in</strong></span> <span class='ocrx_word' id='word_1_311' title='bbox 1824 2646 2009 2701; x_wconf 82' lang='lat' dir='ltr'><strong>dextra</strong></span> <span class='ocrx_word' id='word_1_312' title='bbox 2045 2649 2235 2702; x_wconf 68' lang='lat' dir='ltr'><strong>anima:</strong></span> <span class='ocrx_word' id='word_1_313' title='bbox 2261 2663 2371 2703; x_wconf 71' lang='lat' dir='ltr'><strong>sua:</strong></span> 
     </span>
    </p>
   </div>
   <div class='ocr_carea' id='block_1_42' title="bbox 834 2732 2369 2809">
    <p class='ocr_par' dir='ltr' id='par_1_42' title="bbox 834 2732 2369 2809">
     <span class='ocr_line' id='line_1_42' title="bbox 834 2732 2369 2809; baseline 0.007 -26"><span class='ocrx_word' id='word_1_314' title='bbox 834 2742 986 2800; x_wconf 89' lang='lat' dir='ltr'><strong>parte</strong></span> <span class='ocrx_word' id='word_1_315' title='bbox 1032 2732 1305 2801; x_wconf 87' lang='lat' dir='ltr'><strong>possidere</strong></span> <span class='ocrx_word' id='word_1_316' title='bbox 1351 2736 1655 2803; x_wconf 85' lang='lat' dir='ltr'><strong>videbatur,</strong></span> <span class='ocrx_word' id='word_1_317' title='bbox 1700 2740 1876 2808; x_wconf 89' lang='lat' dir='ltr'><strong>ipsum</strong></span> <span class='ocrx_word' id='word_1_318' title='bbox 1923 2740 2189 2809; x_wconf 81' lang='lat' dir='ltr'><strong>spoliavit.</strong></span> <span class='ocrx_word' id='word_1_319' title='bbox 2238 2740 2369 2795; x_wconf 90' lang='lat' dir='ltr'><strong>Cum</strong></span> 
     </span>
    </p>
   </div>
   <div class='ocr_carea' id='block_1_43' title="bbox 832 2814 2370 2900">
    <p class='ocr_par' dir='ltr' id='par_1_43' title="bbox 832 2814 2370 2900">
     <span class='ocr_line' id='line_1_43' title="bbox 832 2814 2370 2900; baseline 0.008 -27"><span class='ocrx_word' id='word_1_320' title='bbox 832 2822 1119 2886; x_wconf 66' lang='lat' dir='ltr'><strong>iudicatur,</strong></span> <span class='ocrx_word' id='word_1_321' title='bbox 1154 2834 1300 2898; x_wconf 66' lang='lat' dir='ltr'><strong>cacat</strong></span> <span class='ocrx_word' id='word_1_322' title='bbox 1330 2827 1720 2899; x_wconf 74' lang='lat' dir='ltr'><strong>condemnatus,</strong></span> <span class='ocrx_word' id='word_1_323' title='bbox 1751 2839 1801 2884; x_wconf 89' lang='lat' dir='ltr'><strong>et</strong></span> <span class='ocrx_word' id='word_1_324' title='bbox 1841 2831 2007 2884; x_wconf 87' lang='lat' dir='ltr'><strong>oratio</strong></span> <span class='ocrx_word' id='word_1_325' title='bbox 2041 2814 2150 2899; x_wconf 84' lang='lat' dir='ltr'><strong>ejus</strong></span> <span class='ocrx_word' id='word_1_326' title='bbox 2185 2832 2280 2900; x_wconf 78' lang='lat' dir='ltr'><strong>ﬁat</strong></span> <span class='ocrx_word' id='word_1_327' title='bbox 2316 2833 2370 2885; x_wconf 73' lang='lat' dir='ltr'><strong>in</strong></span> 
     </span>
    </p>
   </div>
   <div class='ocr_carea' id='block_1_44' title="bbox 835 2914 2370 2991">
    <p class='ocr_par' dir='ltr' id='par_1_44' title="bbox 835 2914 2370 2991">
     <span class='ocr_line' id='line_1_44' title="bbox 835 2914 2370 2991; baseline 0.007 -26"><span class='ocrx_word' id='word_1_328' title='bbox 835 2922 1116 2978; x_wconf 78' lang='lat' dir='ltr'><strong>peccatum.</strong></span> <span class='ocrx_word' id='word_1_329' title='bbox 1150 2914 1310 2969; x_wconf 80' lang='lat' dir='ltr'><strong>Fiant</strong></span> <span class='ocrx_word' id='word_1_330' title='bbox 1333 2916 1440 2971; x_wconf 88' lang='lat' dir='ltr'><strong>dies</strong></span> <span class='ocrx_word' id='word_1_331' title='bbox 1468 2917 1579 2986; x_wconf 83' lang='lat' dir='ltr'><strong>ejus</strong></span> <span class='ocrx_word' id='word_1_332' title='bbox 1607 2920 1781 2986; x_wconf 84' lang='lat' dir='ltr'><strong>pauci,</strong></span> <span class='ocrx_word' id='word_1_333' title='bbox 1809 2929 1858 2973; x_wconf 87' lang='lat' dir='ltr'><strong>et</strong></span> <span class='ocrx_word' id='word_1_334' title='bbox 1892 2921 2236 2990; x_wconf 84' lang='lat' dir='ltr'><strong>episcopatum</strong></span> <span class='ocrx_word' id='word_1_335' title='bbox 2260 2921 2370 2991; x_wconf 87' lang='lat' dir='ltr'><strong>ejus</strong></span> 
     </span>
    </p>
   </div>
   <div class='ocr_carea' id='block_1_45' title="bbox 836 3004 2370 3078">
    <p class='ocr_par' dir='ltr' id='par_1_45' title="bbox 836 3004 2370 3078">
     <span class='ocr_line' id='line_1_45' title="bbox 836 3004 2370 3078; baseline 0.004 -19"><span class='ocrx_word' id='word_1_336' title='bbox 836 3004 1054 3072; x_wconf 81' lang='lat' dir='ltr'><strong>accipiat</strong></span> <span class='ocrx_word' id='word_1_337' title='bbox 1085 3005 1216 3059; x_wconf 85' lang='lat' dir='ltr'><strong>alter</strong></span> <span class='ocrx_word' id='word_1_338' title='bbox 1253 3023 1272 3059; x_wconf 90' lang='lat'><strong><em>:</em></strong></span> <span class='ocrx_word' id='word_1_339' title='bbox 1321 3007 1451 3074; x_wconf 80' lang='lat' dir='ltr'><strong>ﬁant</strong></span> <span class='ocrx_word' id='word_1_340' title='bbox 1479 3008 1577 3074; x_wconf 77' lang='lat' dir='ltr'><strong>ﬁlii</strong></span> <span class='ocrx_word' id='word_1_341' title='bbox 1624 3008 1734 3076; x_wconf 88' lang='lat' dir='ltr'><strong>ejus</strong></span> <span class='ocrx_word' id='word_1_342' title='bbox 1757 3009 1993 3077; x_wconf 80' lang='lat' dir='ltr'><strong>orphani,</strong></span> <span class='ocrx_word' id='word_1_343' title='bbox 2026 3020 2075 3064; x_wconf 87' lang='lat' dir='ltr'><strong>et</strong></span> <span class='ocrx_word' id='word_1_344' title='bbox 2106 3027 2238 3064; x_wconf 71' lang='lat' dir='ltr'><strong>uxor</strong></span> <span class='ocrx_word' id='word_1_345' title='bbox 2258 3012 2370 3078; x_wconf 86' lang='lat' dir='ltr'><strong>ejus</strong></span> 
     </span>
    </p>
   </div>
   <div class='ocr_carea' id='block_1_46' title="bbox 834 3093 2370 3168">
    <p class='ocr_par' dir='ltr' id='par_1_46' title="bbox 834 3093 2370 3168">
     <span class='ocr_line' id='line_1_46' title="bbox 834 3093 2370 3168; baseline 0.007 -23"><span class='ocrx_word' id='word_1_346' title='bbox 834 3093 1007 3163; x_wconf 77' lang='lat' dir='ltr'><strong>uidua.</strong></span> <span class='ocrx_word' id='word_1_347' title='bbox 1026 3093 1281 3159; x_wconf 85' lang='lat' dir='ltr'><strong>Nutantes</strong></span> <span class='ocrx_word' id='word_1_348' title='bbox 1312 3097 1691 3164; x_wconf 76' lang='lat' dir='ltr'><strong>transferantur</strong></span> <span class='ocrx_word' id='word_1_349' title='bbox 1720 3099 1819 3165; x_wconf 78' lang='lat' dir='ltr'><strong>ﬁlii</strong></span> <span class='ocrx_word' id='word_1_350' title='bbox 1844 3100 1975 3168; x_wconf 88' lang='lat' dir='ltr'><strong>ejus,</strong></span> <span class='ocrx_word' id='word_1_351' title='bbox 1993 3112 2041 3154; x_wconf 90' lang='lat' dir='ltr'><strong>et</strong></span> <span class='ocrx_word' id='word_1_352' title='bbox 2065 3102 2370 3167; x_wconf 86' lang='lat' dir='ltr'><strong>mendicent,</strong></span> 
     </span>
    </p>
   </div>
   <div class='ocr_carea' id='block_1_47' title="bbox 842 3182 2373 3255">
    <p class='ocr_par' dir='ltr' id='par_1_47' title="bbox 842 3182 2373 3255">
     <span class='ocr_line' id='line_1_47' title="bbox 842 3182 2373 3255; baseline 0.008 -21"><span class='ocrx_word' id='word_1_353' title='bbox 842 3182 1110 3255; x_wconf 78' lang='lat' dir='ltr'><strong>ejiciantur</strong></span> <span class='ocrx_word' id='word_1_354' title='bbox 1138 3184 1201 3238; x_wconf 87' lang='lat' dir='ltr'><strong>de</strong></span> <span class='ocrx_word' id='word_1_355' title='bbox 1224 3184 1625 3255; x_wconf 82' lang='lat' dir='ltr'><strong>habitationibus</strong></span> <span class='ocrx_word' id='word_1_356' title='bbox 1653 3188 1783 3242; x_wconf 81' lang='lat' dir='ltr'><strong>suis.</strong></span> <span class='ocrx_word' id='word_1_357' title='bbox 1817 3189 2119 3246; x_wconf 84' lang='lat' dir='ltr'><strong>Verisimile</strong></span> <span class='ocrx_word' id='word_1_358' title='bbox 2144 3202 2227 3247; x_wconf 89' lang='lat' dir='ltr'><strong>est</strong></span> <span class='ocrx_word' id='word_1_359' title='bbox 2261 3192 2373 3247; x_wconf 62' lang='lat' dir='ltr'><strong>hinc</strong></span> 
     </span>
    </p>
   </div>
   <div class='ocr_carea' id='block_1_48' title="bbox 841 3254 2439 3351">
    <p class='ocr_par' dir='ltr' id='par_1_48' title="bbox 841 3254 2439 3351">
     <span class='ocr_line' id='line_1_48' title="bbox 841 3254 2439 3351; baseline 0.008 -27"><span class='ocrx_word' id='word_1_360' title='bbox 841 3254 1011 3349; x_wconf 69' lang='lat' dir='ltr'><strong>reipSa</strong></span> <span class='ocrx_word' id='word_1_361' title='bbox 1040 3286 1102 3326; x_wconf 88' lang='lat' dir='ltr'><strong>ac</strong></span> <span class='ocrx_word' id='word_1_362' title='bbox 1127 3274 1417 3328; x_wconf 87' lang='lat' dir='ltr'><strong>secundum</strong></span> <span class='ocrx_word' id='word_1_363' title='bbox 1440 3254 1639 3331; x_wconf 88' lang='lat' dir='ltr'><strong>nudam</strong></span> <span class='ocrx_word' id='word_1_364' title='bbox 1668 3277 1899 3333; x_wconf 88' lang='lat' dir='ltr'><strong>litteram</strong></span> <span class='ocrx_word' id='word_1_365' title='bbox 1929 3288 2113 3333; x_wconf 87' lang='lat' dir='ltr'><strong>contra</strong></span> <span class='ocrx_word' id='word_1_366' title='bbox 2134 3276 2370 3351; x_wconf 87' lang='lat' dir='ltr'><strong>prodito-</strong></span> <span class='ocrx_word' id='word_1_367' title='bbox 2397 3254 2439 3311; x_wconf 65' lang='grc' dir='ltr'><strong>θ</strong></span> 
     </span>
    </p>
   </div>
   <div class='ocr_carea' id='block_1_49' title="bbox 836 3360 2369 3437">
    <p class='ocr_par' dir='ltr' id='par_1_49' title="bbox 836 3360 2369 3437">
     <span class='ocr_line' id='line_1_49' title="bbox 836 3360 2369 3437; baseline 0.007 -25"><span class='ocrx_word' id='word_1_368' title='bbox 836 3374 950 3415; x_wconf 90' lang='lat' dir='ltr'><strong>rem</strong></span> <span class='ocrx_word' id='word_1_369' title='bbox 980 3367 1101 3429; x_wconf 87' lang='lat' dir='ltr'><strong>post</strong></span> <span class='ocrx_word' id='word_1_370' title='bbox 1136 3364 1545 3432; x_wconf 72' lang='lat' dir='ltr'><strong>suspensionem</strong></span> <span class='ocrx_word' id='word_1_371' title='bbox 1585 3365 1712 3436; x_wconf 30' lang='lat' dir='ltr'><strong>ejus.</strong></span> <span class='ocrx_word' id='word_1_372' title='bbox 1756 3367 2017 3436; x_wconf 89' lang='lat' dir='ltr'><strong>completa</strong></span> <span class='ocrx_word' id='word_1_373' title='bbox 2068 3368 2261 3437; x_wconf 78' lang='lat' dir='ltr'><strong>fuisse;</strong></span> <span class='ocrx_word' id='word_1_374' title='bbox 2296 3360 2369 3423; x_wconf 84' lang='lat' dir='ltr'><strong>ita</strong></span> 
     </span>
    </p>
   </div>
   <div class='ocr_carea' id='block_1_50' title="bbox 837 3448 2371 3529">
    <p class='ocr_par' dir='ltr' id='par_1_50' title="bbox 837 3448 2371 3529">
     <span class='ocr_line' id='line_1_50' title="bbox 837 3448 2371 3529; baseline 0.005 -26"><span class='ocrx_word' id='word_1_375' title='bbox 837 3458 900 3525; x_wconf 82' lang='lat' dir='ltr'><strong>ut</strong></span> <span class='ocrx_word' id='word_1_376' title='bbox 922 3448 1015 3503; x_wconf 88' lang='lat' dir='ltr'><strong>ﬁlii</strong></span> <span class='ocrx_word' id='word_1_377' title='bbox 1039 3452 1257 3519; x_wconf 89' lang='lat' dir='ltr'><strong>quidem</strong></span> <span class='ocrx_word' id='word_1_378' title='bbox 1281 3452 1397 3523; x_wconf 83' lang='lat' dir='ltr'><strong>ejus</strong></span> <span class='ocrx_word' id='word_1_379' title='bbox 1428 3455 1654 3529; x_wconf 88' lang='lat' dir='ltr'><strong>orphani</strong></span> <span class='ocrx_word' id='word_1_380' title='bbox 1682 3465 1884 3522; x_wconf 85' lang='lat' dir='ltr'><strong>essent,</strong></span> <span class='ocrx_word' id='word_1_381' title='bbox 1908 3464 1962 3513; x_wconf 91' lang='lat' dir='ltr'><strong>et</strong></span> <span class='ocrx_word' id='word_1_382' title='bbox 1989 3473 2123 3521; x_wconf 80' lang='lat' dir='ltr'><strong>uxor</strong></span> <span class='ocrx_word' id='word_1_383' title='bbox 2152 3458 2269 3527; x_wconf 90' lang='lat' dir='ltr'><strong>ejus</strong></span> <span class='ocrx_word' id='word_1_384' title='bbox 2291 3460 2371 3511; x_wconf 84' lang='lat' dir='ltr'><strong>vi-</strong></span> 
     </span>
    </p>
   </div>
   <div class='ocr_carea' id='block_1_51' title="bbox 836 3540 2368 3617">
    <p class='ocr_par' dir='ltr' id='par_1_51' title="bbox 836 3540 2368 3617">
     <span class='ocr_line' id='line_1_51' title="bbox 836 3540 2368 3617; baseline 0.006 -24"><span class='ocrx_word' id='word_1_385' title='bbox 836 3540 964 3615; x_wconf 79' lang='lat' dir='ltr'><strong>dua,</strong></span> <span class='ocrx_word' id='word_1_386' title='bbox 991 3551 1287 3613; x_wconf 71' lang='lat' dir='ltr'><strong>caeteraque</strong></span> <span class='ocrx_word' id='word_1_387' title='bbox 1308 3544 1486 3601; x_wconf 87' lang='lat' dir='ltr'><strong>omnia</strong></span> <span class='ocrx_word' id='word_1_388' title='bbox 1510 3560 1629 3615; x_wconf 62' lang='lat' dir='ltr'><strong>quas</strong></span> <span class='ocrx_word' id='word_1_389' title='bbox 1660 3555 2011 3617; x_wconf 86' lang='lat' dir='ltr'><strong>recensentur</strong></span> <span class='ocrx_word' id='word_1_390' title='bbox 2040 3547 2105 3601; x_wconf 91' lang='lat' dir='ltr'><strong>ad</strong></span> <span class='ocrx_word' id='word_1_391' title='bbox 2138 3549 2368 3604; x_wconf 76' lang='lat' dir='ltr'><strong>litteram</strong></span> 
     </span>
    </p>
   </div>
   <div class='ocr_carea' id='block_1_52' title="bbox 840 3628 2369 3705">
    <p class='ocr_par' dir='ltr' id='par_1_52' title="bbox 840 3628 2369 3705">
     <span class='ocr_line' id='line_1_52' title="bbox 840 3628 2369 3705; baseline 0.005 -22"><span class='ocrx_word' id='word_1_392' title='bbox 840 3628 997 3685; x_wconf 87' lang='lat' dir='ltr'><strong>ﬁnem</strong></span> <span class='ocrx_word' id='word_1_393' title='bbox 1053 3633 1395 3698; x_wconf 86' lang='lat' dir='ltr'><strong>sortirentur,</strong></span> <span class='ocrx_word' id='word_1_394' title='bbox 1434 3640 1488 3688; x_wconf 84' lang='lat' dir='ltr'><strong>et</strong></span> <span class='ocrx_word' id='word_1_395' title='bbox 1536 3635 1811 3703; x_wconf 59' lang='lat' dir='ltr'><strong>praedictio</strong></span> <span class='ocrx_word' id='word_1_396' title='bbox 1853 3634 2148 3692; x_wconf 84' lang='lat' dir='ltr'><strong>Salvatoris</strong></span> <span class='ocrx_word' id='word_1_397' title='bbox 2176 3639 2369 3705; x_wconf 86' lang='lat' dir='ltr'><strong>nostri,</strong></span> 
     </span>
    </p>
   </div>
   <div class='ocr_carea' id='block_1_53' title="bbox 836 3716 2371 3796">
    <p class='ocr_par' dir='ltr' id='par_1_53' title="bbox 836 3716 2371 3796">
     <span class='ocr_line' id='line_1_53' title="bbox 836 3716 2371 3796; baseline 0.006 -24"><span class='ocrx_word' id='word_1_398' title='bbox 836 3718 929 3787; x_wconf 90' lang='lat' dir='ltr'><strong>qui</strong></span> <span class='ocrx_word' id='word_1_399' title='bbox 958 3718 1071 3774; x_wconf 64' lang='lat' dir='ltr'><strong>haec</strong></span> <span class='ocrx_word' id='word_1_400' title='bbox 1101 3718 1284 3793; x_wconf 76' lang='lat' dir='ltr'><strong>futura</strong></span> <span class='ocrx_word' id='word_1_401' title='bbox 1327 3721 1382 3775; x_wconf 92' lang='lat' dir='ltr'><strong>in</strong></span> <span class='ocrx_word' id='word_1_402' title='bbox 1427 3716 1632 3796; x_wconf 81' lang='lat' dir='ltr'><strong>psalmo</strong></span> <span class='ocrx_word' id='word_1_403' title='bbox 1678 3724 2095 3795; x_wconf 71' lang='lat' dir='ltr'><strong>praenuntiabat,</strong></span> <span class='ocrx_word' id='word_1_404' title='bbox 2135 3741 2259 3781; x_wconf 79' lang='lat' dir='ltr'><strong>vera</strong></span> <span class='ocrx_word' id='word_1_405' title='bbox 2280 3726 2371 3781; x_wconf 84' lang='lat' dir='ltr'><strong>de-</strong></span> 
     </span>
    </p>
   </div>
   <div class='ocr_carea' id='block_1_54' title="bbox 823 3799 2372 3888">
    <p class='ocr_par' dir='ltr' id='par_1_54' title="bbox 823 3799 2372 3888">
     <span class='ocr_line' id='line_1_54' title="bbox 823 3799 2372 3888; baseline 0.005 -26"><span class='ocrx_word' id='word_1_406' title='bbox 823 3808 1274 3883; x_wconf 76' lang='lat' dir='ltr'><strong>prehenderetur.</strong></span> <span class='ocrx_word' id='word_1_407' title='bbox 1302 3809 1426 3888; x_wconf 52' lang='grc' dir='ltr'>ᾔει</span> <span class='ocrx_word' id='word_1_408' title='bbox 1464 3811 1591 3866; x_wconf 90' lang='lat' dir='ltr'><strong>item</strong></span> <span class='ocrx_word' id='word_1_409' title='bbox 1616 3799 1882 3885; x_wconf 77' lang='lat' dir='ltr'><strong>intelligas</strong></span> <span class='ocrx_word' id='word_1_410' title='bbox 1916 3816 2112 3884; x_wconf 92' lang='lat' dir='ltr'><strong>populo</strong></span> <span class='ocrx_word' id='word_1_411' title='bbox 2148 3814 2372 3871; x_wconf 87' lang='lat' dir='ltr'><strong>Judaico</strong></span> 
     </span>
    </p>
   </div>
   <div class='ocr_carea' id='block_1_55' title="bbox 781 3897 2371 3981">
    <p class='ocr_par' dir='ltr' id='par_1_55' title="bbox 781 3897 2371 3981">
     <span class='ocr_line' id='line_1_55' title="bbox 781 3897 2371 3981; baseline 0.006 -31"><span class='ocrx_word' id='word_1_412' title='bbox 781 3914 786 3920; x_wconf 59' lang='grc' dir='ltr'>λ</span> <span class='ocrx_word' id='word_1_413' title='bbox 840 3903 961 3965; x_wconf 83' lang='lat' dir='ltr'><strong>post</strong></span> <span class='ocrx_word' id='word_1_414' title='bbox 1003 3897 1227 3970; x_wconf 63' lang='lat' dir='ltr'><strong>insidias</strong></span> <span class='ocrx_word' id='word_1_415' title='bbox 1260 3900 1314 3953; x_wconf 90' lang='lat' dir='ltr'><strong>in</strong></span> <span class='ocrx_word' id='word_1_416' title='bbox 1347 3899 1620 3967; x_wconf 76' lang='lat' dir='ltr'><strong>Christum</strong></span> <span class='ocrx_word' id='word_1_417' title='bbox 1658 3909 1892 3966; x_wconf 74' lang='lat' dir='ltr'><strong>structas</strong></span> <span class='ocrx_word' id='word_1_418' title='bbox 1929 3905 2217 3981; x_wconf 65' lang='lat' dir='ltr'><strong>accidisse.~</strong></span> <span class='ocrx_word' id='word_1_419' title='bbox 2239 3902 2371 3959; x_wconf 88' lang='lat' dir='ltr'><strong>Nam</strong></span> 
     </span>
    </p>
   </div>
   <div class='ocr_carea' id='block_1_56' title="bbox 836 3987 2372 4063">
    <p class='ocr_par' dir='ltr' id='par_1_56' title="bbox 836 3987 2372 4063">
     <span class='ocr_line' id='line_1_56' title="bbox 836 3987 2372 4063; baseline 0.007 -24"><span class='ocrx_word' id='word_1_420' title='bbox 836 3987 1024 4057; x_wconf 79' lang='lat' dir='ltr'><strong>paucis</strong></span> <span class='ocrx_word' id='word_1_421' title='bbox 1061 3988 1259 4060; x_wconf 87' lang='lat' dir='ltr'><strong>elapsis</strong></span> <span class='ocrx_word' id='word_1_422' title='bbox 1294 3996 1413 4058; x_wconf 83' lang='lat' dir='ltr'><strong>post</strong></span> <span class='ocrx_word' id='word_1_423' title='bbox 1443 4004 1659 4045; x_wconf 89' lang='lat' dir='ltr'><strong>crucem</strong></span> <span class='ocrx_word' id='word_1_424' title='bbox 1704 3993 1881 4056; x_wconf 88' lang='lat' dir='ltr'><strong>annis,</strong></span> <span class='ocrx_word' id='word_1_425' title='bbox 1928 4000 2040 4047; x_wconf 88' lang='lat' dir='ltr'><strong>tota</strong></span> <span class='ocrx_word' id='word_1_426' title='bbox 2071 4008 2200 4063; x_wconf 87' lang='lat' dir='ltr'><strong>gens</strong></span> <span class='ocrx_word' id='word_1_427' title='bbox 2229 3994 2372 4049; x_wconf 86' lang='lat' dir='ltr'><strong>sedi-</strong></span> 
     </span>
    </p>
   </div>
   <div class='ocr_carea' id='block_1_57' title="bbox 836 4076 2365 4151">
    <p class='ocr_par' dir='ltr' id='par_1_57' title="bbox 836 4076 2365 4151">
     <span class='ocr_line' id='line_1_57' title="bbox 836 4076 2365 4151; baseline 0.004 -22"><span class='ocrx_word' id='word_1_428' title='bbox 836 4077 935 4130; x_wconf 85' lang='lat' dir='ltr'><strong>bus</strong></span> <span class='ocrx_word' id='word_1_429' title='bbox 976 4076 1127 4143; x_wconf 87' lang='lat' dir='ltr'><strong>pulsa</strong></span> <span class='ocrx_word' id='word_1_430' title='bbox 1163 4085 1290 4132; x_wconf 87' lang='lat' dir='ltr'><strong>est:</strong></span> <span class='ocrx_word' id='word_1_431' title='bbox 1341 4086 1499 4148; x_wconf 89' lang='lat' dir='ltr'><strong>atque</strong></span> <span class='ocrx_word' id='word_1_432' title='bbox 1533 4079 1610 4134; x_wconf 91' lang='lat' dir='ltr'><strong>illi</strong></span> <span class='ocrx_word' id='word_1_433' title='bbox 1658 4080 1869 4151; x_wconf 85' lang='lat' dir='ltr'><strong>quidem</strong></span> <span class='ocrx_word' id='word_1_434' title='bbox 1914 4081 2180 4151; x_wconf 79' lang='lat' dir='ltr'><strong>interiecti</strong></span> <span class='ocrx_word' id='word_1_435' title='bbox 2222 4090 2365 4148; x_wconf 84' lang='lat' dir='ltr'><strong>sunt,</strong></span> 
     </span>
    </p>
   </div>
   <div class='ocr_carea' id='block_1_58' title="bbox 836 4167 2370 4242">
    <p class='ocr_par' dir='ltr' id='par_1_58' title="bbox 836 4167 2370 4242">
     <span class='ocr_line' id='line_1_58' title="bbox 836 4167 2370 4242; baseline 0.007 -25"><span class='ocrx_word' id='word_1_436' title='bbox 836 4167 1090 4242; x_wconf 69' lang='lat' dir='ltr'><strong>mulieres</strong></span> <span class='ocrx_word' id='word_1_437' title='bbox 1144 4181 1269 4237; x_wconf 75' lang='lat' dir='ltr'><strong>vero</strong></span> <span class='ocrx_word' id='word_1_438' title='bbox 1333 4182 1453 4222; x_wconf 86' lang='lat' dir='ltr'><strong>cum</strong></span> <span class='ocrx_word' id='word_1_439' title='bbox 1488 4169 1690 4239; x_wconf 76' lang='lat' dir='ltr'><strong>liberis</strong></span> <span class='ocrx_word' id='word_1_440' title='bbox 1758 4170 1812 4223; x_wconf 91' lang='lat' dir='ltr'><strong>in</strong></span> <span class='ocrx_word' id='word_1_441' title='bbox 1872 4172 2370 4229; x_wconf 72' lang='lat' dir='ltr'><strong>servitutemactae</strong></span> 
     </span>
    </p>
   </div>
   <div class='ocr_carea' id='block_1_59' title="bbox 837 4262 982 4309">
    <p class='ocr_par' dir='ltr' id='par_1_59' title="bbox 837 4262 982 4309">
     <span class='ocr_line' id='line_1_59' title="bbox 837 4262 982 4309; baseline 0 0"><span class='ocrx_word' id='word_1_442' title='bbox 837 4262 982 4309; x_wconf 78' lang='lat' dir='ltr'><strong>sunt.</strong></span> 
     </span>
    </p>
   </div>
   <div class='ocr_carea' id='block_1_60' title="bbox 2469 2020 4013 2094">
    <p class='ocr_par' dir='ltr' id='par_1_60' title="bbox 2469 2020 4013 2094">
     <span class='ocr_line' id='line_1_60' title="bbox 2469 2020 4013 2094; baseline -0.002 -16"><span class='ocrx_word' id='word_1_443' title='bbox 2469 2025 2564 2078; x_wconf 79' lang='grc' dir='ltr'>καὶ</span> <span class='ocrx_word' id='word_1_444' title='bbox 2600 2023 2779 2093; x_wconf 85' lang='grc' dir='ltr'>μῖσος</span> <span class='ocrx_word' id='word_1_445' title='bbox 2800 2025 2931 2079; x_wconf 80' lang='grc' dir='ltr'>ἀντὶ</span> <span class='ocrx_word' id='word_1_446' title='bbox 2962 2024 3070 2093; x_wconf 84' lang='grc' dir='ltr'>τῆς</span> <span class='ocrx_word' id='word_1_447' title='bbox 3108 2024 3459 2094; x_wconf 76' lang='grc' dir='ltr'>ἀταπήσεώς</span> <span class='ocrx_word' id='word_1_448' title='bbox 3489 2042 3626 2093; x_wconf 89' lang='grc' dir='ltr'>μου.</span> <span class='ocrx_word' id='word_1_449' title='bbox 3653 2024 3787 2093; x_wconf 74' lang='grc' dir='ltr'>Περὶ</span> <span class='ocrx_word' id='word_1_450' title='bbox 3810 2020 4013 2076; x_wconf 89' lang='grc' dir='ltr'>τούτων</span> 
     </span>
    </p>
   </div>
   <div class='ocr_carea' id='block_1_61' title="bbox 2467 2111 4020 2185">
    <p class='ocr_par' dir='ltr' id='par_1_61' title="bbox 2467 2111 4020 2185">
     <span class='ocr_line' id='line_1_61' title="bbox 2467 2111 4020 2185; baseline -0.003 -17"><span class='ocrx_word' id='word_1_451' title='bbox 2467 2115 2615 2168; x_wconf 83' lang='grc' dir='ltr'>οὐδὲν</span> <span class='ocrx_word' id='word_1_452' title='bbox 2668 2115 2748 2167; x_wconf 84' lang='grc' dir='ltr'>δεῖ</span> <span class='ocrx_word' id='word_1_453' title='bbox 2794 2114 2987 2181; x_wconf 88' lang='grc' dir='ltr'>λέγειν,</span> <span class='ocrx_word' id='word_1_454' title='bbox 3028 2116 3126 2185; x_wconf 84' lang='grc' dir='ltr'>τῆς</span> <span class='ocrx_word' id='word_1_455' title='bbox 3163 2116 3220 2168; x_wconf 88' lang='grc' dir='ltr'><strong>ἐν</strong></span> <span class='ocrx_word' id='word_1_456' title='bbox 3255 2117 3366 2177; x_wconf 79' lang='grc' dir='ltr'>τοῖς</span> <span class='ocrx_word' id='word_1_457' title='bbox 3409 2114 3752 2184; x_wconf 85' lang='grc' dir='ltr'>Εὐαγγελίοις</span> <span class='ocrx_word' id='word_1_458' title='bbox 3777 2111 4020 2185; x_wconf 34' lang='grc' dir='ltr'>ἱστορίας,</span> 
     </span>
    </p>
   </div>
   <div class='ocr_carea' id='block_1_62' title="bbox 2470 2197 4012 2274">
    <p class='ocr_par' dir='ltr' id='par_1_62' title="bbox 2470 2197 4012 2274">
     <span class='ocr_line' id='line_1_62' title="bbox 2470 2197 4012 2274; baseline -0.003 -19"><span class='ocrx_word' id='word_1_459' title='bbox 2470 2202 2819 2273; x_wconf 84' lang='grc' dir='ltr'><strong>περιεχούσης</strong></span> <span class='ocrx_word' id='word_1_460' title='bbox 2840 2203 2900 2255; x_wconf 80' lang='grc' dir='ltr'><strong>τὸ</strong></span> <span class='ocrx_word' id='word_1_461' title='bbox 2926 2203 3122 2273; x_wconf 83' lang='grc' dir='ltr'>πλῆθος</span> <span class='ocrx_word' id='word_1_462' title='bbox 3148 2203 3254 2257; x_wconf 89' lang='grc' dir='ltr'><strong>τῶν</strong></span> <span class='ocrx_word' id='word_1_463' title='bbox 3280 2204 3604 2274; x_wconf 80' lang='grc' dir='ltr'>εὐεργεσιῶν</span> <span class='ocrx_word' id='word_1_464' title='bbox 3646 2197 3723 2257; x_wconf 80' lang='grc' dir='ltr'>ὧν</span> <span class='ocrx_word' id='word_1_465' title='bbox 3746 2201 4012 2274; x_wconf 59' lang='grc' dir='ltr'>ἐνανθρωη</span> 
     </span>
    </p>
   </div>
   <div class='ocr_carea' id='block_1_63' title="bbox 2469 2291 4013 2363">
    <p class='ocr_par' dir='ltr' id='par_1_63' title="bbox 2469 2291 4013 2363">
     <span class='ocr_line' id='line_1_63' title="bbox 2469 2291 4013 2363; baseline 0.003 -19"><span class='ocrx_word' id='word_1_466' title='bbox 2469 2296 2647 2363; x_wconf 85' lang='grc' dir='ltr'>πήσας</span> <span class='ocrx_word' id='word_1_467' title='bbox 2676 2293 2855 2355; x_wconf 73' lang='grc' dir='ltr'>αὐτοῖς</span> <span class='ocrx_word' id='word_1_468' title='bbox 2872 2293 3115 2363; x_wconf 72' lang='grc' dir='ltr'>παρεῖχε,</span> <span class='ocrx_word' id='word_1_469' title='bbox 3133 2292 3443 2363; x_wconf 82' lang='grc' dir='ltr'>θεραπεύων</span> <span class='ocrx_word' id='word_1_470' title='bbox 3468 2293 3642 2347; x_wconf 81' lang='grc' dir='ltr'>αὐτῶν</span> <span class='ocrx_word' id='word_1_471' title='bbox 3664 2294 3840 2347; x_wconf 82' lang='grc' dir='ltr'>πᾶσαν</span> <span class='ocrx_word' id='word_1_472' title='bbox 3861 2291 4013 2348; x_wconf 74' lang='grc' dir='ltr'>νόσον</span> 
     </span>
    </p>
   </div>
   <div class='ocr_carea' id='block_1_64' title="bbox 2470 2382 3080 2454">
    <p class='ocr_par' dir='ltr' id='par_1_64' title="bbox 2470 2382 3080 2454">
     <span class='ocr_line' id='line_1_64' title="bbox 2470 2382 3080 2454; baseline -0.005 -17"><span class='ocrx_word' id='word_1_473' title='bbox 2470 2386 2561 2437; x_wconf 78' lang='grc' dir='ltr'><strong>καὶ</strong></span> <span class='ocrx_word' id='word_1_474' title='bbox 2590 2386 2768 2443; x_wconf 76' lang='grc' dir='ltr'>πᾶσαν</span> <span class='ocrx_word' id='word_1_475' title='bbox 2797 2382 3080 2454; x_wconf 78' lang='grc' dir='ltr'>μαλακίαν.</span> 
     </span>
    </p>
   </div>
   <div class='ocr_carea' id='block_1_65' title="bbox 2488 2456 4011 2540">
    <p class='ocr_par' dir='ltr' id='par_1_65' title="bbox 2488 2456 4011 2540">
     <span class='ocr_line' id='line_1_65' title="bbox 2488 2456 4011 2540; baseline -0.003 -12"><span class='ocrx_word' id='word_1_476' title='bbox 2488 2456 2489 2459; x_wconf 8' lang='grc' dir='ltr'><strong>η</strong></span> <span class='ocrx_word' id='word_1_477' title='bbox 2537 2472 2931 2540; x_wconf 85' lang='grc' dir='ltr'>Κατάστησον</span> <span class='ocrx_word' id='word_1_478' title='bbox 2943 2472 3034 2525; x_wconf 83' lang='grc' dir='ltr'><strong>ἐπ’</strong></span> <span class='ocrx_word' id='word_1_479' title='bbox 3067 2470 3250 2526; x_wconf 82' lang='grc' dir='ltr'>αὐτὸν</span> <span class='ocrx_word' id='word_1_480' title='bbox 3289 2472 3653 2538; x_wconf 74' lang='grc' dir='ltr'><strong>ἁμαρτωλὸν,</strong></span> <span class='ocrx_word' id='word_1_481' title='bbox 3682 2470 3777 2523; x_wconf 77' lang='grc' dir='ltr'>καὶ</span> <span class='ocrx_word' id='word_1_482' title='bbox 3819 2469 4011 2523; x_wconf 78' lang='grc' dir='ltr'>διάϐο-</span> 
     </span>
    </p>
   </div>
   <div class='ocr_carea' id='block_1_66' title="bbox 2467 2559 4013 2631">
    <p class='ocr_par' dir='ltr' id='par_1_66' title="bbox 2467 2559 4013 2631">
     <span class='ocr_line' id='line_1_66' title="bbox 2467 2559 4013 2631; baseline -0.003 -14"><span class='ocrx_word' id='word_1_483' title='bbox 2467 2568 2574 2629; x_wconf 80' lang='grc' dir='ltr'><strong>λος</strong></span> <span class='ocrx_word' id='word_1_484' title='bbox 2604 2563 2797 2631; x_wconf 82' lang='grc' dir='ltr'>στήτω</span> <span class='ocrx_word' id='word_1_485' title='bbox 2817 2563 2884 2617; x_wconf 83' lang='grc' dir='ltr'><strong>ἐκ</strong></span> <span class='ocrx_word' id='word_1_486' title='bbox 2931 2562 3143 2627; x_wconf 80' lang='grc' dir='ltr'>δεξιῶν</span> <span class='ocrx_word' id='word_1_487' title='bbox 3167 2562 3375 2617; x_wconf 83' lang='grc' dir='ltr'>αὐτοῦ.</span> <span class='ocrx_word' id='word_1_488' title='bbox 3427 2563 3485 2614; x_wconf 78' lang='grc' dir='ltr'>ὐ</span> <span class='ocrx_word' id='word_1_489' title='bbox 3510 2561 3603 2614; x_wconf 78' lang='grc' dir='ltr'>καὶ</span> <span class='ocrx_word' id='word_1_490' title='bbox 3647 2559 3894 2622; x_wconf 86' lang='grc' dir='ltr'>σκελίσας</span> <span class='ocrx_word' id='word_1_491' title='bbox 3914 2559 4013 2612; x_wconf 84' lang='grc' dir='ltr'><strong>αὐ-</strong></span> 
     </span>
    </p>
   </div>
   <div class='ocr_carea' id='block_1_67' title="bbox 2468 2648 4012 2725">
    <p class='ocr_par' dir='ltr' id='par_1_67' title="bbox 2468 2648 4012 2725">
     <span class='ocr_line' id='line_1_67' title="bbox 2468 2648 4012 2725; baseline -0.004 -18"><span class='ocrx_word' id='word_1_492' title='bbox 2468 2654 2577 2717; x_wconf 81' lang='grc' dir='ltr'>τὸν,</span> <span class='ocrx_word' id='word_1_493' title='bbox 2620 2654 2794 2708; x_wconf 86' lang='grc' dir='ltr'>πάντα</span> <span class='ocrx_word' id='word_1_494' title='bbox 2834 2654 2869 2708; x_wconf 77' lang='grc' dir='ltr'>ἃ</span> <span class='ocrx_word' id='word_1_495' title='bbox 2920 2654 3175 2725; x_wconf 89' lang='grc' dir='ltr'>πρότερον</span> <span class='ocrx_word' id='word_1_496' title='bbox 3219 2652 3388 2706; x_wconf 85' lang='grc' dir='ltr'>ἐδόκει</span> <span class='ocrx_word' id='word_1_497' title='bbox 3426 2650 3715 2721; x_wconf 85' lang='grc' dir='ltr'>κεκτῆσθαι</span> <span class='ocrx_word' id='word_1_498' title='bbox 3745 2648 3893 2720; x_wconf 78' lang='grc' dir='ltr'>δεξιᾷ</span> <span class='ocrx_word' id='word_1_499' title='bbox 3914 2649 4012 2720; x_wconf 83' lang='grc' dir='ltr'>τῆς</span> 
     </span>
    </p>
   </div>
   <div class='ocr_carea' id='block_1_68' title="bbox 2470 2739 4012 2815">
    <p class='ocr_par' dir='ltr' id='par_1_68' title="bbox 2470 2739 4012 2815">
     <span class='ocr_line' id='line_1_68' title="bbox 2470 2739 4012 2815; baseline -0.003 -18"><span class='ocrx_word' id='word_1_500' title='bbox 2470 2745 2630 2798; x_wconf 76' lang='grc' dir='ltr'>αὐτοῦ</span> <span class='ocrx_word' id='word_1_501' title='bbox 2665 2744 2841 2814; x_wconf 75' lang='grc' dir='ltr'>ψυχῆς</span> <span class='ocrx_word' id='word_1_502' title='bbox 2858 2745 3214 2815; x_wconf 83' lang='grc' dir='ltr'>ἀποσυλήσας.</span> <span class='ocrx_word' id='word_1_503' title='bbox 3245 2743 3338 2796; x_wconf 86' lang='grc' dir='ltr'>Ἐν</span> <span class='ocrx_word' id='word_1_504' title='bbox 3357 2741 3435 2808; x_wconf 84' lang='grc' dir='ltr'>τῷ</span> <span class='ocrx_word' id='word_1_505' title='bbox 3454 2742 3754 2811; x_wconf 77' lang='grc' dir='ltr'>κρίνεσθαι</span> <span class='ocrx_word' id='word_1_506' title='bbox 3781 2739 4012 2803; x_wconf 75' lang='grc' dir='ltr'><strong>ἐξέλθοι</strong></span> 
     </span>
    </p>
   </div>
   <div class='ocr_carea' id='block_1_69' title="bbox 2471 2827 4012 2901">
    <p class='ocr_par' dir='ltr' id='par_1_69' title="bbox 2471 2827 4012 2901">
     <span class='ocr_line' id='line_1_69' title="bbox 2471 2827 4012 2901; baseline -0.006 -13"><span class='ocrx_word' id='word_1_507' title='bbox 2471 2832 3054 2901; x_wconf 80' lang='grc' dir='ltr'><strong>καταδεδικασμένος,</strong></span> <span class='ocrx_word' id='word_1_508' title='bbox 3076 2832 3171 2885; x_wconf 77' lang='grc' dir='ltr'>καὶ</span> <span class='ocrx_word' id='word_1_509' title='bbox 3186 2832 3223 2899; x_wconf 78' lang='grc' dir='ltr'><strong><em>ἠ</em></strong></span> <span class='ocrx_word' id='word_1_510' title='bbox 3237 2830 3540 2899; x_wconf 80' lang='grc' dir='ltr'>προσευχὴ</span> <span class='ocrx_word' id='word_1_511' title='bbox 3552 2828 3735 2884; x_wconf 83' lang='grc' dir='ltr'>αὐτοῦ</span> <span class='ocrx_word' id='word_1_512' title='bbox 3751 2827 4012 2898; x_wconf 78' lang='grc' dir='ltr'>γενέσθω</span> 
     </span>
    </p>
   </div>
   <div class='ocr_carea' id='block_1_70' title="bbox 2467 2915 4011 2994">
    <p class='ocr_par' dir='ltr' id='par_1_70' title="bbox 2467 2915 4011 2994">
     <span class='ocr_line' id='line_1_70' title="bbox 2467 2915 4011 2994; baseline -0.006 -16"><span class='ocrx_word' id='word_1_513' title='bbox 2467 2926 2553 2990; x_wconf 86' lang='grc' dir='ltr'><strong>είς</strong></span> <span class='ocrx_word' id='word_1_514' title='bbox 2607 2923 2910 2994; x_wconf 79' lang='grc' dir='ltr'>ἁμαρτίαν.</span> <span class='ocrx_word' id='word_1_515' title='bbox 2966 2920 3398 2989; x_wconf 79' lang='grc' dir='ltr'>Γενηθήτωσαν</span> <span class='ocrx_word' id='word_1_516' title='bbox 3440 2923 3499 2973; x_wconf 78' lang='grc' dir='ltr'>αι</span> <span class='ocrx_word' id='word_1_517' title='bbox 3548 2921 3753 2989; x_wconf 71' lang='grc' dir='ltr'>ἡμέραι</span> <span class='ocrx_word' id='word_1_518' title='bbox 3828 2915 4011 2971; x_wconf 85' lang='grc' dir='ltr'>αὑτοῦ</span> 
     </span>
    </p>
   </div>
   <div class='ocr_carea' id='block_1_71' title="bbox 2470 3006 4011 3083">
    <p class='ocr_par' dir='ltr' id='par_1_71' title="bbox 2470 3006 4011 3083">
     <span class='ocr_line' id='line_1_71' title="bbox 2470 3006 4011 3083; baseline -0.006 -16"><span class='ocrx_word' id='word_1_519' title='bbox 2470 3014 2681 3083; x_wconf 78' lang='grc' dir='ltr'>ὀλίγαι,</span> <span class='ocrx_word' id='word_1_520' title='bbox 2712 3012 2809 3064; x_wconf 78' lang='grc' dir='ltr'>καὶ</span> <span class='ocrx_word' id='word_1_521' title='bbox 2847 3011 2960 3077; x_wconf 84' lang='grc' dir='ltr'>τὴν</span> <span class='ocrx_word' id='word_1_522' title='bbox 2991 3008 3326 3075; x_wconf 76' lang='grc' dir='ltr'><strong>ἐπισκοπὴν</strong></span> <span class='ocrx_word' id='word_1_523' title='bbox 3370 3008 3552 3061; x_wconf 86' lang='grc' dir='ltr'>αὑτοῦ</span> <span class='ocrx_word' id='word_1_524' title='bbox 3600 3006 3768 3061; x_wconf 81' lang='grc' dir='ltr'>λάϐοι</span> <span class='ocrx_word' id='word_1_525' title='bbox 3792 3007 4011 3075; x_wconf 77' lang='grc' dir='ltr'>ἔτερος.</span> 
     </span>
    </p>
   </div>
   <div class='ocr_carea' id='block_1_72' title="bbox 2428 3095 4012 3170">
    <p class='ocr_par' dir='ltr' id='par_1_72' title="bbox 2428 3095 4012 3170">
     <span class='ocr_line' id='line_1_72' title="bbox 2428 3095 4012 3170; baseline -0.004 -15"><span class='ocrx_word' id='word_1_526' title='bbox 2428 3118 2434 3124; x_wconf 82' lang='grc'><strong>’</strong></span> <span class='ocrx_word' id='word_1_527' title='bbox 2469 3101 2899 3170; x_wconf 82' lang='grc' dir='ltr'>Γενηθήτωσαν</span> <span class='ocrx_word' id='word_1_528' title='bbox 2923 3103 2975 3153; x_wconf 83' lang='grc' dir='ltr'>οὶ</span> <span class='ocrx_word' id='word_1_529' title='bbox 3002 3099 3116 3153; x_wconf 81' lang='grc' dir='ltr'>υἱοὶ</span> <span class='ocrx_word' id='word_1_530' title='bbox 3139 3097 3319 3152; x_wconf 86' lang='grc' dir='ltr'>αὑτοῦ</span> <span class='ocrx_word' id='word_1_531' title='bbox 3362 3095 3625 3165; x_wconf 75' lang='grc' dir='ltr'>ὀρφανοὶ,</span> <span class='ocrx_word' id='word_1_532' title='bbox 3669 3096 3766 3149; x_wconf 78' lang='grc' dir='ltr'>καὶ</span> <span class='ocrx_word' id='word_1_533' title='bbox 3791 3095 3829 3162; x_wconf 82' lang='grc' dir='ltr'><strong><em>ἠ</em></strong></span> <span class='ocrx_word' id='word_1_534' title='bbox 3858 3095 4012 3164; x_wconf 69' lang='grc' dir='ltr'>γυνὴ</span> 
     </span>
    </p>
   </div>
   <div class='ocr_carea' id='block_1_73' title="bbox 2469 3184 4013 3259">
    <p class='ocr_par' dir='ltr' id='par_1_73' title="bbox 2469 3184 4013 3259">
     <span class='ocr_line' id='line_1_73' title="bbox 2469 3184 4013 3259; baseline -0.004 -15"><span class='ocrx_word' id='word_1_535' title='bbox 2469 3190 2650 3244; x_wconf 85' lang='grc' dir='ltr'>αὑτοῦ</span> <span class='ocrx_word' id='word_1_536' title='bbox 2688 3188 2840 3259; x_wconf 80' lang='grc' dir='ltr'>χήρα</span> <span class='ocrx_word' id='word_1_537' title='bbox 2858 3205 2871 3219; x_wconf 82' lang='grc'><em>’</em></span> <span class='ocrx_word' id='word_1_538' title='bbox 2929 3188 3314 3256; x_wconf 83' lang='grc' dir='ltr'>σαλευόμενοι</span> <span class='ocrx_word' id='word_1_539' title='bbox 3360 3184 3899 3255; x_wconf 81' lang='grc' dir='ltr'>μεταναστήτωσαν</span> <span class='ocrx_word' id='word_1_540' title='bbox 3958 3187 4013 3238; x_wconf 80' lang='grc' dir='ltr'><strong>οί</strong></span> 
     </span>
    </p>
   </div>
   <div class='ocr_carea' id='block_1_74' title="bbox 2471 3269 4011 3342">
    <p class='ocr_par' dir='ltr' id='par_1_74' title="bbox 2471 3269 4011 3342">
     <span class='ocr_line' id='line_1_74' title="bbox 2471 3269 4011 3342; baseline -0.005 -10"><span class='ocrx_word' id='word_1_541' title='bbox 2471 3278 2584 3333; x_wconf 74' lang='grc' dir='ltr'>υἱοὶ</span> <span class='ocrx_word' id='word_1_542' title='bbox 2620 3278 2822 3342; x_wconf 83' lang='grc' dir='ltr'>αὑτοῦ,</span> <span class='ocrx_word' id='word_1_543' title='bbox 2866 3276 2962 3336; x_wconf 78' lang='grc' dir='ltr'>καὶ</span> <span class='ocrx_word' id='word_1_544' title='bbox 3003 3276 3522 3342; x_wconf 79' lang='grc' dir='ltr'>ὲπαιτησάτωσαν·</span> <span class='ocrx_word' id='word_1_545' title='bbox 3556 3269 4011 3339; x_wconf 80' lang='grc' dir='ltr'>ἐκϐληθήτωσαν</span> 
     </span>
    </p>
   </div>
   <div class='ocr_carea' id='block_1_75' title="bbox 2470 3358 4011 3429">
    <p class='ocr_par' dir='ltr' id='par_1_75' title="bbox 2470 3358 4011 3429">
     <span class='ocr_line' id='line_1_75' title="bbox 2470 3358 4011 3429; baseline -0.006 -10"><span class='ocrx_word' id='word_1_546' title='bbox 2470 3367 2539 3419; x_wconf 83' lang='grc' dir='ltr'><strong><em>ἐκ</em></strong></span> <span class='ocrx_word' id='word_1_547' title='bbox 2566 3364 2683 3419; x_wconf 84' lang='grc' dir='ltr'><strong>τῶν</strong></span> <span class='ocrx_word' id='word_1_548' title='bbox 2723 3363 3043 3417; x_wconf 72' lang='grc' dir='ltr'>οἰκοπέδων</span> <span class='ocrx_word' id='word_1_549' title='bbox 3090 3361 3302 3415; x_wconf 84' lang='grc' dir='ltr'>αὐτῶν.</span> <span class='ocrx_word' id='word_1_550' title='bbox 3335 3362 3491 3423; x_wconf 86' lang='grc' dir='ltr'>Εἰκὸς</span> <span class='ocrx_word' id='word_1_551' title='bbox 3540 3361 3633 3413; x_wconf 73' lang='grc' dir='ltr'>καὶ</span> <span class='ocrx_word' id='word_1_552' title='bbox 3673 3358 3849 3429; x_wconf 81' lang='grc' dir='ltr'>ῥητῶς</span> <span class='ocrx_word' id='word_1_553' title='bbox 3876 3359 4011 3413; x_wconf 76' lang='grc' dir='ltr'>κατὰ</span> 
     </span>
    </p>
   </div>
   <div class='ocr_carea' id='block_1_76' title="bbox 2470 3446 4011 3525">
    <p class='ocr_par' dir='ltr' id='par_1_76' title="bbox 2470 3446 4011 3525">
     <span class='ocr_line' id='line_1_76' title="bbox 2470 3446 4011 3525; baseline -0.005 -17"><span class='ocrx_word' id='word_1_554' title='bbox 2470 3455 2627 3525; x_wconf 80' lang='grc' dir='ltr'>ψιλὴν</span> <span class='ocrx_word' id='word_1_555' title='bbox 2651 3454 2748 3524; x_wconf 84' lang='grc' dir='ltr'><strong>τὴν</strong></span> <span class='ocrx_word' id='word_1_556' title='bbox 2771 3452 2911 3519; x_wconf 81' lang='grc' dir='ltr'>λέξιν</span> <span class='ocrx_word' id='word_1_557' title='bbox 2933 3451 3103 3505; x_wconf 78' lang='grc' dir='ltr'>ταῦτα</span> <span class='ocrx_word' id='word_1_558' title='bbox 3142 3450 3317 3518; x_wconf 81' lang='grc' dir='ltr'>πάντα</span> <span class='ocrx_word' id='word_1_559' title='bbox 3348 3449 3731 3520; x_wconf 80' lang='grc' dir='ltr'>πεπληρῶσθαι</span> <span class='ocrx_word' id='word_1_560' title='bbox 3754 3446 3892 3500; x_wconf 85' lang='grc' dir='ltr'>κατὰ</span> <span class='ocrx_word' id='word_1_561' title='bbox 3916 3446 4011 3500; x_wconf 78' lang='grc' dir='ltr'>τοῦ</span> 
     </span>
    </p>
   </div>
   <div class='ocr_carea' id='block_1_77' title="bbox 2472 3534 4008 3615">
    <p class='ocr_par' dir='ltr' id='par_1_77' title="bbox 2472 3534 4008 3615">
     <span class='ocr_line' id='line_1_77' title="bbox 2472 3534 4008 3615; baseline -0.008 -17"><span class='ocrx_word' id='word_1_562' title='bbox 2472 3544 2725 3615; x_wconf 82' lang='grc' dir='ltr'>προδότου</span> <span class='ocrx_word' id='word_1_563' title='bbox 2757 3541 2892 3613; x_wconf 81' lang='grc' dir='ltr'>μετὰ</span> <span class='ocrx_word' id='word_1_564' title='bbox 2906 3540 3002 3611; x_wconf 84' lang='grc' dir='ltr'>τὴν</span> <span class='ocrx_word' id='word_1_565' title='bbox 3023 3541 3313 3610; x_wconf 83' lang='grc' dir='ltr'>ἀνάρτησιν</span> <span class='ocrx_word' id='word_1_566' title='bbox 3344 3536 3530 3602; x_wconf 75' lang='grc' dir='ltr'>αὐτοῦ,</span> <span class='ocrx_word' id='word_1_567' title='bbox 3566 3536 3679 3607; x_wconf 72' lang='grc' dir='ltr'>ἅμα</span> <span class='ocrx_word' id='word_1_568' title='bbox 3709 3534 3807 3606; x_wconf 87' lang='grc' dir='ltr'>μὲν</span> <span class='ocrx_word' id='word_1_569' title='bbox 3847 3535 4008 3606; x_wconf 84' lang='grc' dir='ltr'>ὀρφα-</span> 
     </span>
    </p>
   </div>
   <div class='ocr_carea' id='block_1_78' title="bbox 2469 3624 4013 3703">
    <p class='ocr_par' dir='ltr' id='par_1_78' title="bbox 2469 3624 4013 3703">
     <span class='ocr_line' id='line_1_78' title="bbox 2469 3624 4013 3703; baseline -0.008 -15"><span class='ocrx_word' id='word_1_570' title='bbox 2469 3634 2573 3688; x_wconf 92' lang='grc' dir='ltr'><strong>νῶν</strong></span> <span class='ocrx_word' id='word_1_571' title='bbox 2604 3634 2899 3703; x_wconf 85' lang='grc' dir='ltr'>γενομένων</span> <span class='ocrx_word' id='word_1_572' title='bbox 2920 3630 3093 3703; x_wconf 43' lang='grc' dir='ltr'>,αύτοῦ</span> <span class='ocrx_word' id='word_1_573' title='bbox 3135 3629 3242 3683; x_wconf 88' lang='grc' dir='ltr'><strong>τῶν</strong></span> <span class='ocrx_word' id='word_1_574' title='bbox 3265 3629 3486 3692; x_wconf 84' lang='grc' dir='ltr'>παίδων,</span> <span class='ocrx_word' id='word_1_575' title='bbox 3530 3626 3645 3697; x_wconf 78' lang='grc' dir='ltr'>ἅμα</span> <span class='ocrx_word' id='word_1_576' title='bbox 3683 3625 3740 3679; x_wconf 80' lang='grc' dir='ltr'>δὲ</span> <span class='ocrx_word' id='word_1_577' title='bbox 3774 3624 3867 3678; x_wconf 75' lang='grc' dir='ltr'>καὶ</span> <span class='ocrx_word' id='word_1_578' title='bbox 3915 3626 4013 3695; x_wconf 78' lang='grc' dir='ltr'>τῆς</span> 
     </span>
    </p>
   </div>
   <div class='ocr_carea' id='block_1_79' title="bbox 2470 3714 4003 3793">
    <p class='ocr_par' dir='ltr' id='par_1_79' title="bbox 2470 3714 4003 3793">
     <span class='ocr_line' id='line_1_79' title="bbox 2470 3714 4003 3793; baseline -0.008 -15"><span class='ocrx_word' id='word_1_579' title='bbox 2470 3723 2722 3793; x_wconf 83' lang='grc' dir='ltr'>γυναικὸς</span> <span class='ocrx_word' id='word_1_580' title='bbox 2740 3723 2797 3776; x_wconf 90' lang='grc' dir='ltr'><strong>ἐν</strong></span> <span class='ocrx_word' id='word_1_581' title='bbox 2826 3721 3023 3791; x_wconf 71' lang='grc' dir='ltr'>χηρείᾳ</span> <span class='ocrx_word' id='word_1_582' title='bbox 3054 3719 3411 3791; x_wconf 74' lang='grc' dir='ltr'>καταστάσης,</span> <span class='ocrx_word' id='word_1_583' title='bbox 3434 3717 3527 3771; x_wconf 72' lang='grc' dir='ltr'><strong>καὶ</strong></span> <span class='ocrx_word' id='word_1_584' title='bbox 3571 3715 3678 3768; x_wconf 86' lang='grc' dir='ltr'><strong>τῶν</strong></span> <span class='ocrx_word' id='word_1_585' title='bbox 3700 3714 3825 3784; x_wconf 54' lang='lat' dir='ltr'><strong>ea;</strong></span> <span class='ocrx_word' id='word_1_586' title='bbox 3855 3730 4003 3767; x_wconf 83' lang='grc' dir='ltr'>κατα-</span> 
     </span>
    </p>
   </div>
   <div class='ocr_carea' id='block_1_80' title="bbox 2470 3803 4011 3883">
    <p class='ocr_par' dir='ltr' id='par_1_80' title="bbox 2470 3803 4011 3883">
     <span class='ocr_line' id='line_1_80' title="bbox 2470 3803 4011 3883; baseline -0.007 -17"><span class='ocrx_word' id='word_1_587' title='bbox 2470 3812 2762 3883; x_wconf 79' lang='grc' dir='ltr'>λεχθέντων</span> <span class='ocrx_word' id='word_1_588' title='bbox 2784 3811 3031 3864; x_wconf 83' lang='grc' dir='ltr'>ἁπάντων</span> <span class='ocrx_word' id='word_1_589' title='bbox 3059 3809 3191 3880; x_wconf 77' lang='grc' dir='ltr'>πρὸς</span> <span class='ocrx_word' id='word_1_590' title='bbox 3216 3807 3356 3871; x_wconf 82' lang='grc' dir='ltr'>λέξιν</span> <span class='ocrx_word' id='word_1_591' title='bbox 3387 3806 3534 3866; x_wconf 82' lang='grc' dir='ltr'>τέλος</span> <span class='ocrx_word' id='word_1_592' title='bbox 3582 3804 3895 3875; x_wconf 82' lang='grc' dir='ltr'>εἰληφότων,</span> <span class='ocrx_word' id='word_1_593' title='bbox 3938 3803 4011 3866; x_wconf 86' lang='grc' dir='ltr'>ὡς</span> 
     </span>
    </p>
   </div>
   <div class='ocr_carea' id='block_1_81' title="bbox 2470 3889 4012 3967">
    <p class='ocr_par' dir='ltr' id='par_1_81' title="bbox 2470 3889 4012 3967">
     <span class='ocr_line' id='line_1_81' title="bbox 2470 3889 4012 3967; baseline -0.005 -16"><span class='ocrx_word' id='word_1_594' title='bbox 2470 3895 2759 3967; x_wconf 77' lang='grc' dir='ltr'>ἀληθεῦσαι</span> <span class='ocrx_word' id='word_1_595' title='bbox 2788 3896 2885 3967; x_wconf 84' lang='grc' dir='ltr'>τὴν</span> <span class='ocrx_word' id='word_1_596' title='bbox 2911 3895 3205 3966; x_wconf 76' lang='grc' dir='ltr'>πρόρρησιν</span> <span class='ocrx_word' id='word_1_597' title='bbox 3238 3893 3326 3946; x_wconf 80' lang='grc' dir='ltr'>τοῦ</span> <span class='ocrx_word' id='word_1_598' title='bbox 3356 3891 3606 3962; x_wconf 84' lang='grc' dir='ltr'>Σωτῆρος</span> <span class='ocrx_word' id='word_1_599' title='bbox 3639 3890 3795 3961; x_wconf 78' lang='grc' dir='ltr'>ἡμῶν</span> <span class='ocrx_word' id='word_1_600' title='bbox 3810 3892 3898 3946; x_wconf 83' lang='grc' dir='ltr'><strong>διὰ</strong></span> <span class='ocrx_word' id='word_1_601' title='bbox 3914 3889 4012 3966; x_wconf 72' lang='grc' dir='ltr'><strong>τοῦ</strong></span> 
     </span>
    </p>
   </div>
   <div class='ocr_carea' id='block_1_82' title="bbox 2470 3980 4013 4059">
    <p class='ocr_par' dir='ltr' id='par_1_82' title="bbox 2470 3980 4013 4059">
     <span class='ocr_line' id='line_1_82' title="bbox 2470 3980 4013 4059; baseline -0.006 -18"><span class='ocrx_word' id='word_1_602' title='bbox 2470 3985 2680 4059; x_wconf 76' lang='grc' dir='ltr'>ψαλμοῦ</span> <span class='ocrx_word' id='word_1_603' title='bbox 2705 3986 2874 4041; x_wconf 82' lang='grc' dir='ltr'>ταῦτα</span> <span class='ocrx_word' id='word_1_604' title='bbox 2894 3985 3122 4039; x_wconf 79' lang='grc' dir='ltr'>ἔσεσθαι.</span> <span class='ocrx_word' id='word_1_605' title='bbox 3152 3982 3379 4053; x_wconf 80' lang='grc' dir='ltr'>Νοησεις</span> <span class='ocrx_word' id='word_1_606' title='bbox 3406 3982 3462 4034; x_wconf 86' lang='grc' dir='ltr'><strong>δέ</strong></span> <span class='ocrx_word' id='word_1_607' title='bbox 3492 3980 3665 4045; x_wconf 81' lang='grc' dir='ltr'>ταῦτα</span> <span class='ocrx_word' id='word_1_608' title='bbox 3692 3981 3785 4034; x_wconf 72' lang='grc' dir='ltr'>καὶ</span> <span class='ocrx_word' id='word_1_609' title='bbox 3803 3980 3895 4033; x_wconf 72' lang='grc' dir='ltr'><strong>ἐπὶ</strong></span> <span class='ocrx_word' id='word_1_610' title='bbox 3919 3980 4013 4032; x_wconf 74' lang='grc' dir='ltr'>τοῦ</span> 
     </span>
    </p>
   </div>
   <div class='ocr_carea' id='block_1_83' title="bbox 2471 4068 4012 4145">
    <p class='ocr_par' dir='ltr' id='par_1_83' title="bbox 2471 4068 4012 4145">
     <span class='ocr_line' id='line_1_83' title="bbox 2471 4068 4012 4145; baseline -0.006 -15"><span class='ocrx_word' id='word_1_611' title='bbox 2471 4078 2597 4130; x_wconf 81' lang='grc' dir='ltr'>λαοῦ</span> <span class='ocrx_word' id='word_1_612' title='bbox 2630 4076 2722 4129; x_wconf 81' lang='grc' dir='ltr'>τοῦ</span> <span class='ocrx_word' id='word_1_613' title='bbox 2757 4074 3014 4134; x_wconf 84' lang='grc' dir='ltr'>Ἰουδαίων</span> <span class='ocrx_word' id='word_1_614' title='bbox 3042 4073 3222 4136; x_wconf 75' lang='grc' dir='ltr'>ἔθνους</span> <span class='ocrx_word' id='word_1_615' title='bbox 3256 4071 3396 4126; x_wconf 84' lang='grc' dir='ltr'>κατὰ</span> <span class='ocrx_word' id='word_1_616' title='bbox 3433 4070 3572 4145; x_wconf 79' lang='grc' dir='ltr'>λέξιν</span> <span class='ocrx_word' id='word_1_617' title='bbox 3619 4068 4012 4140; x_wconf 79' lang='grc' dir='ltr'>πεπληρωμένα</span> 
     </span>
    </p>
   </div>
   <div class='ocr_carea' id='block_1_84' title="bbox 2476 4156 4013 4236">
    <p class='ocr_par' dir='ltr' id='par_1_84' title="bbox 2476 4156 4013 4236">
     <span class='ocr_line' id='line_1_84' title="bbox 2476 4156 4013 4236; baseline -0.007 -15"><span class='ocrx_word' id='word_1_618' title='bbox 2476 4166 2611 4236; x_wconf 83' lang='grc' dir='ltr'>μετὰ</span> <span class='ocrx_word' id='word_1_619' title='bbox 2650 4166 2745 4235; x_wconf 80' lang='grc' dir='ltr'><strong>τὴν</strong></span> <span class='ocrx_word' id='word_1_620' title='bbox 2785 4166 2864 4227; x_wconf 88' lang='grc' dir='ltr'><strong>εἰς</strong></span> <span class='ocrx_word' id='word_1_621' title='bbox 2907 4164 2996 4216; x_wconf 84' lang='grc' dir='ltr'><strong>τὸν</strong></span> <span class='ocrx_word' id='word_1_622' title='bbox 3028 4161 3262 4233; x_wconf 86' lang='grc' dir='ltr'>Χριστὸν</span> <span class='ocrx_word' id='word_1_623' title='bbox 3304 4161 3619 4231; x_wconf 73' lang='grc' dir='ltr'><strong>ἐπιϐουλήν⁹</strong></span> <span class='ocrx_word' id='word_1_624' title='bbox 3666 4157 3889 4227; x_wconf 91' lang='grc' dir='ltr'>Ὀλίγων</span> <span class='ocrx_word' id='word_1_625' title='bbox 3908 4156 4013 4227; x_wconf 79' lang='grc' dir='ltr'>γὰρ</span> 
     </span>
    </p>
   </div>
   <div class='ocr_carea' id='block_1_85' title="bbox 2474 4248 4013 4328">
    <p class='ocr_par' dir='ltr' id='par_1_85' title="bbox 2474 4248 4013 4328">
     <span class='ocr_line' id='line_1_85' title="bbox 2474 4248 4013 4328; baseline -0.003 -17"><span class='ocrx_word' id='word_1_626' title='bbox 2474 4258 2611 4328; x_wconf 81' lang='grc' dir='ltr'>μετὰ</span> <span class='ocrx_word' id='word_1_627' title='bbox 2645 4257 2734 4309; x_wconf 82' lang='grc' dir='ltr'><strong>τὸν</strong></span> <span class='ocrx_word' id='word_1_628' title='bbox 2763 4255 2989 4325; x_wconf 85' lang='grc' dir='ltr'>σταυρὸν</span> <span class='ocrx_word' id='word_1_629' title='bbox 3016 4253 3321 4306; x_wconf 87' lang='grc' dir='ltr'>διελθόντων</span> <span class='ocrx_word' id='word_1_630' title='bbox 3344 4251 3497 4315; x_wconf 87' lang='grc' dir='ltr'>ἐτῶν,</span> <span class='ocrx_word' id='word_1_631' title='bbox 3528 4251 3753 4304; x_wconf 78' lang='grc' dir='ltr'>ἄστατον</span> <span class='ocrx_word' id='word_1_632' title='bbox 3784 4248 3927 4303; x_wconf 76' lang='grc' dir='ltr'>ἅπαν</span> <span class='ocrx_word' id='word_1_633' title='bbox 3953 4252 4013 4306; x_wconf 80' lang='grc' dir='ltr'>τὺ</span> 
     </span>
    </p>
   </div>
   <div class='ocr_carea' id='block_1_86' title="bbox 836 4338 3773 4423">
    <p class='ocr_par' dir='ltr' id='par_1_86' title="bbox 836 4338 3773 4423">
     <span class='ocr_line' id='line_1_86' title="bbox 836 4338 3773 4423; baseline -0.001 -27"><span class='ocrx_word' id='word_1_634' title='bbox 836 4344 979 4415; x_wconf 70' lang='grc' dir='ltr'>ἔθνος</span> <span class='ocrx_word' id='word_1_635' title='bbox 999 4344 1236 4413; x_wconf 87' lang='grc' dir='ltr'>ἐγένετο·</span> <span class='ocrx_word' id='word_1_636' title='bbox 1271 4344 1360 4398; x_wconf 79' lang='grc' dir='ltr'>καὶ</span> <span class='ocrx_word' id='word_1_637' title='bbox 1386 4346 1432 4397; x_wconf 88' lang='grc' dir='ltr'><strong>οί</strong></span> <span class='ocrx_word' id='word_1_638' title='bbox 1477 4344 1572 4414; x_wconf 81' lang='grc' dir='ltr'><strong>μὲν</strong></span> <span class='ocrx_word' id='word_1_639' title='bbox 1602 4344 1961 4418; x_wconf 80' lang='grc' dir='ltr'>ἀνῃρέθησαν,</span> <span class='ocrx_word' id='word_1_640' title='bbox 1993 4349 2047 4401; x_wconf 82' lang='lat' dir='ltr'><strong>al</strong></span> <span class='ocrx_word' id='word_1_641' title='bbox 2079 4349 2135 4402; x_wconf 82' lang='grc' dir='ltr'><strong>δέ</strong></span> <span class='ocrx_word' id='word_1_642' title='bbox 2173 4347 2375 4417; x_wconf 74' lang='grc' dir='ltr'>τούτων</span> <span class='ocrx_word' id='word_1_643' title='bbox 2401 4350 2651 4416; x_wconf 80' lang='grc' dir='ltr'>γυναῖκες</span> <span class='ocrx_word' id='word_1_644' title='bbox 2687 4344 2822 4423; x_wconf 75' lang='grc' dir='ltr'>μετὰ</span> <span class='ocrx_word' id='word_1_645' title='bbox 2847 4343 2951 4397; x_wconf 88' lang='grc' dir='ltr'><strong>τῶν</strong></span> <span class='ocrx_word' id='word_1_646' title='bbox 2973 4342 3173 4399; x_wconf 69' lang='grc' dir='ltr'>παίδων</span> <span class='ocrx_word' id='word_1_647' title='bbox 3198 4338 3773 4412; x_wconf 74' lang='grc' dir='ltr'>ἐξηνδραποδίσθησαν.</span> 
     </span>
    </p>
   </div>
   <div class='ocr_carea' id='block_1_87' title="bbox 899 4436 2447 4512">
    <p class='ocr_par' dir='ltr' id='par_1_87' title="bbox 899 4436 2447 4512">
     <span class='ocr_line' id='line_1_87' title="bbox 899 4436 2447 4512; baseline 0.003 -22"><span class='ocrx_word' id='word_1_648' title='bbox 899 4436 1061 4507; x_wconf 69' lang='lat' dir='ltr'><strong>ans.</strong></span> <span class='ocrx_word' id='word_1_649' title='bbox 1093 4437 1275 4512; x_wconf 65' lang='lat'><strong>“45.</strong></span> <span class='ocrx_word' id='word_1_650' title='bbox 1311 4436 1579 4511; x_wconf 74' lang='lat' dir='ltr'><strong>Scrutatur</strong></span> <span class='ocrx_word' id='word_1_651' title='bbox 1628 4441 1887 4509; x_wconf 78' lang='lat' dir='ltr'><strong>fenerator</strong></span> <span class='ocrx_word' id='word_1_652' title='bbox 1908 4456 2105 4495; x_wconf 87' lang='lat' dir='ltr'><strong>omnem</strong></span> <span class='ocrx_word' id='word_1_653' title='bbox 2134 4442 2373 4495; x_wconf 84' lang='lat' dir='ltr'><strong>substan-</strong></span> <span class='ocrx_word' id='word_1_654' title='bbox 2404 4449 2447 4502; x_wconf 89' lang='lat' dir='ltr'><strong>D</strong></span> 
     </span>
    </p>
   </div>
   <div class='ocr_carea' id='block_1_88' title="bbox 840 4529 2369 4596">
    <p class='ocr_par' dir='ltr' id='par_1_88' title="bbox 840 4529 2369 4596">
     <span class='ocr_line' id='line_1_88' title="bbox 840 4529 2369 4596; baseline 0.002 -17"><span class='ocrx_word' id='word_1_655' title='bbox 840 4529 967 4581; x_wconf 84' lang='lat' dir='ltr'><strong>tiam</strong></span> <span class='ocrx_word' id='word_1_656' title='bbox 982 4529 1118 4596; x_wconf 85' lang='lat' dir='ltr'><strong>ejus.</strong></span> <span class='ocrx_word' id='word_1_657' title='bbox 1147 4537 1195 4581; x_wconf 90' lang='lat' dir='ltr'><strong>et</strong></span> <span class='ocrx_word' id='word_1_658' title='bbox 1218 4529 1465 4595; x_wconf 87' lang='lat' dir='ltr'><strong>diripiant</strong></span> <span class='ocrx_word' id='word_1_659' title='bbox 1492 4531 1649 4584; x_wconf 85' lang='lat' dir='ltr'><strong>alieni</strong></span> <span class='ocrx_word' id='word_1_660' title='bbox 1688 4531 1895 4586; x_wconf 83' lang='lat' dir='ltr'><strong>divitias</strong></span> <span class='ocrx_word' id='word_1_661' title='bbox 1932 4547 2127 4585; x_wconf 85' lang='lat' dir='ltr'><strong>eorum.</strong></span> <span class='ocrx_word' id='word_1_662' title='bbox 2155 4529 2275 4583; x_wconf 87' lang='lat' dir='ltr'><strong>Non</strong></span> <span class='ocrx_word' id='word_1_663' title='bbox 2300 4532 2369 4584; x_wconf 88' lang='lat' dir='ltr'><strong>sit</strong></span> 
     </span>
    </p>
   </div>
   <div class='ocr_carea' id='block_1_89' title="bbox 2554 4430 4014 4506">
    <p class='ocr_par' dir='ltr' id='par_1_89' title="bbox 2554 4430 4014 4506">
     <span class='ocr_line' id='line_1_89' title="bbox 2554 4430 4014 4506; baseline -0.006 -12"><span class='ocrx_word' id='word_1_664' title='bbox 2554 4437 3025 4506; x_wconf 76' lang='grc' dir='ltr'>Ἐξερευνησάτω</span> <span class='ocrx_word' id='word_1_665' title='bbox 3061 4432 3378 4500; x_wconf 82' lang='grc' dir='ltr'>δανειστὴς</span> <span class='ocrx_word' id='word_1_666' title='bbox 3406 4432 3599 4485; x_wconf 81' lang='grc' dir='ltr'>πάντα</span> <span class='ocrx_word' id='word_1_667' title='bbox 3620 4432 3736 4483; x_wconf 85' lang='grc' dir='ltr'>ὅσα</span> <span class='ocrx_word' id='word_1_668' title='bbox 3765 4430 4014 4499; x_wconf 78' lang='grc' dir='ltr'>ὑπάρχει</span> 
     </span>
    </p>
   </div>
   <div class='ocr_carea' id='block_1_90' title="bbox 2473 4519 4014 4592">
    <p class='ocr_par' dir='ltr' id='par_1_90' title="bbox 2473 4519 4014 4592">
     <span class='ocr_line' id='line_1_90' title="bbox 2473 4519 4014 4592; baseline -0.006 -9"><span class='ocrx_word' id='word_1_669' title='bbox 2473 4527 2628 4592; x_wconf 84' lang='grc' dir='ltr'>αὐτῷ</span> <span class='ocrx_word' id='word_1_670' title='bbox 2645 4544 2657 4556; x_wconf 72' lang='grc' dir='ltr'><strong>ο</strong></span> <span class='ocrx_word' id='word_1_671' title='bbox 2682 4524 2777 4589; x_wconf 74' lang='grc' dir='ltr'><strong>καὶ</strong></span> <span class='ocrx_word' id='word_1_672' title='bbox 2798 4522 3287 4592; x_wconf 83' lang='grc' dir='ltr'>διαρπασάτωσαν</span> <span class='ocrx_word' id='word_1_673' title='bbox 3303 4522 3600 4587; x_wconf 82' lang='grc' dir='ltr'>ἀλλότριοι</span> <span class='ocrx_word' id='word_1_674' title='bbox 3628 4519 3733 4572; x_wconf 86' lang='grc' dir='ltr'>τὸν</span> <span class='ocrx_word' id='word_1_675' title='bbox 3752 4520 4014 4573; x_wconf 84' lang='grc' dir='ltr'>πλοῦτον</span> 
     </span>
    </p>
   </div>
   <div class='ocr_carea' id='block_1_91' title="bbox 836 4606 2541 4691">
    <p class='ocr_par' dir='ltr' id='par_1_91' title="bbox 836 4616 2541 4691">
     <span class='ocr_line' id='line_1_91' title="bbox 836 4616 2541 4691; baseline 0.004 -23"><span class='ocrx_word' id='word_1_676' title='bbox 836 4616 916 4668; x_wconf 89' lang='lat' dir='ltr'><strong>illi</strong></span> <span class='ocrx_word' id='word_1_677' title='bbox 955 4628 1238 4683; x_wconf 83' lang='lat' dir='ltr'><strong>susceptor,</strong></span> <span class='ocrx_word' id='word_1_678' title='bbox 1270 4634 1358 4670; x_wconf 87' lang='lat' dir='ltr'><strong>nec</strong></span> <span class='ocrx_word' id='word_1_679' title='bbox 1393 4618 1461 4671; x_wconf 84' lang='lat' dir='ltr'><strong>sit</strong></span> <span class='ocrx_word' id='word_1_680' title='bbox 1488 4620 1998 4690; x_wconf 81' lang='lat' dir='ltr'><strong>miserator’pupillis</strong></span> <span class='ocrx_word' id='word_1_681' title='bbox 2047 4619 2177 4687; x_wconf 87' lang='lat' dir='ltr'><strong>ejus.</strong></span> <span class='ocrx_word' id='word_1_682' title='bbox 2209 4618 2369 4691; x_wconf 87' lang='lat' dir='ltr'><strong>Fiant</strong></span> <span class='ocrx_word' id='word_1_683' title='bbox 2473 4623 2541 4674; x_wconf 78' lang='grc' dir='ltr'>αὐ</span> 
     </span>
    </p>
   </div>
   <div class='ocr_carea' id='block_1_92' title="bbox 2381 4606 4086 4691">
    <p class='ocr_par' dir='ltr' id='par_1_92' title="bbox 2473 4606 4086 4683">
     <span class='ocr_line' id='line_1_92' title="bbox 2473 4606 4086 4683; baseline -0.014 -11"><span class='ocrx_word' id='word_1_684' title='bbox 2473 4618 2685 4674; x_wconf 84' lang='grc' dir='ltr'>αὐτῶν.</span> <span class='ocrx_word' id='word_1_685' title='bbox 2744 4614 2836 4683; x_wconf 80' lang='grc' dir='ltr'><strong>Μὴ</strong></span> <span class='ocrx_word' id='word_1_686' title='bbox 2889 4611 3202 4679; x_wconf 80' lang='grc' dir='ltr'>ὑπαρξάτω</span> <span class='ocrx_word' id='word_1_687' title='bbox 3260 4608 3416 4673; x_wconf 84' lang='grc' dir='ltr'><strong>αὐτῷ</strong></span> <span class='ocrx_word' id='word_1_688' title='bbox 3451 4606 3842 4674; x_wconf 80' lang='grc' dir='ltr'>ἀντιλήπτωρ,</span> <span class='ocrx_word' id='word_1_689' title='bbox 3862 4608 4015 4676; x_wconf 77' lang='grc' dir='ltr'>μηδὲ</span> <span class='ocrx_word' id='word_1_690' title='bbox 4062 4612 4086 4647; x_wconf 62' lang='grc' dir='ltr'><strong>ἰ</strong></span> 
     </span>
    </p>
   </div>
   <div class='ocr_carea' id='block_1_93' title="bbox 836 4691 2541 4781">
    <p class='ocr_par' dir='ltr' id='par_1_93' title="bbox 836 4691 2541 4781">
     <span class='ocr_line' id='line_1_93' title="bbox 836 4691 2541 4781; baseline 0.003 -23"><span class='ocrx_word' id='word_1_691' title='bbox 836 4708 947 4759; x_wconf 86' lang='lat' dir='ltr'><strong>nati</strong></span> <span class='ocrx_word' id='word_1_692' title='bbox 989 4706 1100 4774; x_wconf 86' lang='lat' dir='ltr'><strong>ejus</strong></span> <span class='ocrx_word' id='word_1_693' title='bbox 1142 4706 1199 4760; x_wconf 89' lang='lat' dir='ltr'><strong>in</strong></span> <span class='ocrx_word' id='word_1_694' title='bbox 1239 4691 1525 4773; x_wconf 78' lang='lat' dir='ltr'><strong>interitum,</strong></span> <span class='ocrx_word' id='word_1_695' title='bbox 1558 4710 1613 4763; x_wconf 87' lang='lat' dir='ltr'><strong>in</strong></span> <span class='ocrx_word' id='word_1_696' title='bbox 1652 4712 1977 4780; x_wconf 87' lang='lat' dir='ltr'><strong>generatione</strong></span> <span class='ocrx_word' id='word_1_697' title='bbox 1998 4696 2112 4762; x_wconf 74' lang='lat' dir='ltr'><strong>una</strong></span> <span class='ocrx_word' id='word_1_698' title='bbox 2140 4710 2373 4763; x_wconf 85' lang='lat' dir='ltr'><strong>deleatur</strong></span> <span class='ocrx_word' id='word_1_699' title='bbox 2472 4728 2541 4781; x_wconf 70' lang='grc' dir='ltr'><strong>γε</strong></span> 
     </span>
    </p>
   </div>
   <div class='ocr_carea' id='block_1_94' title="bbox 2306 4691 4011 4781">
    <p class='ocr_par' dir='ltr' id='par_1_94' title="bbox 2310 4696 4011 4781">
     <span class='ocr_line' id='line_1_94' title="bbox 2310 4696 4011 4781; baseline -0.009 -17"><span class='ocrx_word' id='word_1_700' title='bbox 2310 4726 2373 4762; x_wconf 88' lang='lat' dir='ltr'><strong>ur</strong></span> <span class='ocrx_word' id='word_1_701' title='bbox 2472 4707 2766 4781; x_wconf 61' lang='grc' dir='ltr'>γενηθήτω</span> <span class='ocrx_word' id='word_1_702' title='bbox 2796 4704 3104 4776; x_wconf 79' lang='grc' dir='ltr'>οἰκτίρμων</span> <span class='ocrx_word' id='word_1_703' title='bbox 3138 4700 3261 4765; x_wconf 83' lang='grc' dir='ltr'>τοῖς</span> <span class='ocrx_word' id='word_1_704' title='bbox 3291 4696 3566 4767; x_wconf 70' lang='grc' dir='ltr'>ὀρφανοῖς</span> <span class='ocrx_word' id='word_1_705' title='bbox 3589 4696 3791 4751; x_wconf 82' lang='grc' dir='ltr'>αὐτοῦ.</span> <span class='ocrx_word' id='word_1_706' title='bbox 3825 4700 4011 4766; x_wconf 82' lang='grc' dir='ltr'>Γενη-</span> 
     </span>
    </p>
   </div>
   <div class='ocr_carea' id='block_1_95' title="bbox 835 4780 2540 4871">
    <p class='ocr_par' dir='ltr' id='par_1_95' title="bbox 835 4780 2540 4871">
     <span class='ocr_line' id='line_1_95' title="bbox 835 4780 2540 4871; baseline 0.006 -23"><span class='ocrx_word' id='word_1_707' title='bbox 835 4811 1015 4850; x_wconf 84' lang='lat' dir='ltr'><strong>nomen</strong></span> <span class='ocrx_word' id='word_1_708' title='bbox 1036 4796 1169 4865; x_wconf 76' lang='lat' dir='ltr'><strong>ejus.</strong></span> <span class='ocrx_word' id='word_1_709' title='bbox 1220 4794 1570 4866; x_wconf 81' lang='lat' dir='ltr'><strong>Symmachus</strong></span> <span class='ocrx_word' id='word_1_710' title='bbox 1602 4782 1726 4855; x_wconf 83' lang='lat' dir='ltr'><strong>vero</strong></span> <span class='ocrx_word' id='word_1_711' title='bbox 1758 4801 1838 4855; x_wconf 89' lang='lat' dir='ltr'><strong>sic</strong></span> <span class='ocrx_word' id='word_1_712' title='bbox 1858 4780 1891 4862; x_wconf 8' lang='grc' dir='ltr'>,η</span> <span class='ocrx_word' id='word_1_713' title='bbox 1912 4800 2136 4871; x_wconf 81' lang='lat' dir='ltr'><strong>Colligat</strong></span> <span class='ocrx_word' id='word_1_714' title='bbox 2162 4810 2373 4871; x_wconf 71' lang='lat' dir='ltr'><strong>exactor</strong></span> <span class='ocrx_word' id='word_1_715' title='bbox 2472 4796 2540 4858; x_wconf 74' lang='grc' dir='ltr'>θή</span> 
     </span>
    </p>
   </div>
   <div class='ocr_carea' id='block_1_96' title="bbox 2306 4780 4011 4871">
    <p class='ocr_par' dir='ltr' id='par_1_96' title="bbox 2306 4784 4011 4871">
     <span class='ocr_line' id='line_1_96' title="bbox 2306 4784 4011 4871; baseline -0.004 -24"><span class='ocrx_word' id='word_1_716' title='bbox 2306 4811 2373 4871; x_wconf 79' lang='lat' dir='ltr'><strong>tor</strong></span> <span class='ocrx_word' id='word_1_717' title='bbox 2472 4796 2625 4858; x_wconf 82' lang='grc' dir='ltr'>θήτω</span> <span class='ocrx_word' id='word_1_718' title='bbox 2648 4800 2721 4847; x_wconf 80' lang='grc' dir='ltr'>τὰ</span> <span class='ocrx_word' id='word_1_719' title='bbox 2752 4792 2929 4846; x_wconf 85' lang='grc' dir='ltr'>τέκνα</span> <span class='ocrx_word' id='word_1_720' title='bbox 2950 4788 3131 4843; x_wconf 82' lang='grc' dir='ltr'>αὑτοῦ</span> <span class='ocrx_word' id='word_1_721' title='bbox 3176 4790 3259 4851; x_wconf 82' lang='grc' dir='ltr'>εὶς</span> <span class='ocrx_word' id='word_1_722' title='bbox 3279 4784 3716 4852; x_wconf 78' lang='grc' dir='ltr'>ὲξολόθρευσιν,</span> <span class='ocrx_word' id='word_1_723' title='bbox 3748 4787 3820 4850; x_wconf 80' lang='grc' dir='ltr'>ἐν</span> <span class='ocrx_word' id='word_1_724' title='bbox 3839 4787 4011 4857; x_wconf 79' lang='grc' dir='ltr'>γενεᾷ</span> 
     </span>
    </p>
   </div>
   <div class='ocr_carea' id='block_1_97' title="bbox 836 4886 2369 4955">
    <p class='ocr_par' dir='ltr' id='par_1_97' title="bbox 836 4886 2369 4955">
     <span class='ocr_line' id='line_1_97' title="bbox 836 4886 2369 4955; baseline 0.003 -17"><span class='ocrx_word' id='word_1_725' title='bbox 836 4889 1008 4938; x_wconf 85' lang='lat' dir='ltr'><strong>omnia</strong></span> <span class='ocrx_word' id='word_1_726' title='bbox 1033 4901 1149 4955; x_wconf 69' lang='lat' dir='ltr'><strong>quae</strong></span> <span class='ocrx_word' id='word_1_727' title='bbox 1178 4893 1297 4938; x_wconf 87' lang='lat' dir='ltr'><strong>sunt</strong></span> <span class='ocrx_word' id='word_1_728' title='bbox 1327 4886 1444 4954; x_wconf 84' lang='lat' dir='ltr'><strong>ipsi.</strong></span> <span class='ocrx_word' id='word_1_729' title='bbox 1483 4886 1774 4945; x_wconf 79' lang='lat' dir='ltr'><strong>Exactores</strong></span> <span class='ocrx_word' id='word_1_730' title='bbox 1800 4899 1977 4945; x_wconf 83' lang='lat' dir='ltr'><strong>autem</strong></span> <span class='ocrx_word' id='word_1_731' title='bbox 2009 4892 2369 4945; x_wconf 80' lang='lat' dir='ltr'><strong>Romanorum</strong></span> 
     </span>
    </p>
   </div>
   <div class='ocr_carea' id='block_1_98' title="bbox 837 4974 2370 5051">
    <p class='ocr_par' dir='ltr' id='par_1_98' title="bbox 837 4974 2370 5051">
     <span class='ocr_line' id='line_1_98' title="bbox 837 4974 2370 5051; baseline 0.004 -23"><span class='ocrx_word' id='word_1_732' title='bbox 837 4976 1187 5043; x_wconf 88' lang='lat' dir='ltr'><strong>imperatores</strong></span> <span class='ocrx_word' id='word_1_733' title='bbox 1212 4984 1360 5038; x_wconf 87' lang='lat' dir='ltr'><strong>sunt,</strong></span> <span class='ocrx_word' id='word_1_734' title='bbox 1385 4974 1688 5045; x_wconf 84' lang='lat' dir='ltr'><strong>impositum</strong></span> <span class='ocrx_word' id='word_1_735' title='bbox 1715 4981 1942 5051; x_wconf 82' lang='lat' dir='ltr'><strong>vectigal</strong></span> <span class='ocrx_word' id='word_1_736' title='bbox 1981 4981 2273 5050; x_wconf 79' lang='lat' dir='ltr'><strong>exigentes.</strong></span> <span class='ocrx_word' id='word_1_737' title='bbox 2306 4979 2370 5034; x_wconf 85' lang='lat' dir='ltr'><strong>Hi</strong></span> 
     </span>
    </p>
   </div>
   <div class='ocr_carea' id='block_1_99' title="bbox 837 5061 2370 5137">
    <p class='ocr_par' dir='ltr' id='par_1_99' title="bbox 837 5061 2370 5137">
     <span class='ocr_line' id='line_1_99' title="bbox 837 5061 2370 5137; baseline 0.005 -22"><span class='ocrx_word' id='word_1_738' title='bbox 837 5076 998 5131; x_wconf 86' lang='lat' dir='ltr'><strong>porro</strong></span> <span class='ocrx_word' id='word_1_739' title='bbox 1016 5064 1198 5116; x_wconf 83' lang='lat' dir='ltr'><strong>omnia</strong></span> <span class='ocrx_word' id='word_1_740' title='bbox 1226 5061 1529 5117; x_wconf 64' lang='lat' dir='ltr'><strong>Iudaeorum</strong></span> <span class='ocrx_word' id='word_1_741' title='bbox 1561 5065 1700 5119; x_wconf 85' lang='lat' dir='ltr'><strong>bona</strong></span> <span class='ocrx_word' id='word_1_742' title='bbox 1730 5068 2087 5137; x_wconf 84' lang='lat' dir='ltr'><strong>diripuerunt,</strong></span> <span class='ocrx_word' id='word_1_743' title='bbox 2122 5076 2370 5122; x_wconf 87' lang='lat' dir='ltr'><strong>accurate</strong></span> 
     </span>
    </p>
   </div>
   <div class='ocr_carea' id='block_1_100' title="bbox 838 5151 2368 5235">
    <p class='ocr_par' dir='ltr' id='par_1_100' title="bbox 838 5151 2368 5235">
     <span class='ocr_line' id='line_1_100' title="bbox 838 5151 2368 5235; baseline 0.005 -31"><span class='ocrx_word' id='word_1_744' title='bbox 838 5151 1019 5205; x_wconf 90' lang='lat' dir='ltr'><strong>omnia</strong></span> <span class='ocrx_word' id='word_1_745' title='bbox 1047 5158 1371 5229; x_wconf 84' lang='lat' dir='ltr'><strong>scrutantes,</strong></span> <span class='ocrx_word' id='word_1_746' title='bbox 1402 5156 1474 5214; x_wconf 80' lang='lat' dir='ltr'><strong>ita</strong></span> <span class='ocrx_word' id='word_1_747' title='bbox 1520 5164 1579 5207; x_wconf 86' lang='lat' dir='ltr'><strong>ut</strong></span> <span class='ocrx_word' id='word_1_748' title='bbox 1617 5158 1827 5213; x_wconf 88' lang='lat' dir='ltr'><strong>occulta</strong></span> <span class='ocrx_word' id='word_1_749' title='bbox 1851 5159 2021 5235; x_wconf 76' lang='lat' dir='ltr'><strong>etiam</strong></span> <span class='ocrx_word' id='word_1_750' title='bbox 2068 5160 2368 5213; x_wconf 86' lang='lat' dir='ltr'><strong>invenirent</strong></span> 
     </span>
    </p>
   </div>
   <div class='ocr_carea' id='block_1_101' title="bbox 838 5242 2363 5320">
    <p class='ocr_par' dir='ltr' id='par_1_101' title="bbox 838 5242 2363 5320">
     <span class='ocr_line' id='line_1_101' title="bbox 838 5242 2363 5320; baseline 0.004 -25"><span class='ocrx_word' id='word_1_751' title='bbox 838 5243 1046 5312; x_wconf 84' lang='lat' dir='ltr'><strong>sibique</strong></span> <span class='ocrx_word' id='word_1_752' title='bbox 1075 5242 1422 5300; x_wconf 80' lang='lat' dir='ltr'><strong>vindicarent.</strong></span> <span class='ocrx_word' id='word_1_753' title='bbox 1456 5245 1549 5300; x_wconf 86' lang='lat' dir='ltr'><strong>His</strong></span> <span class='ocrx_word' id='word_1_754' title='bbox 1580 5261 1703 5300; x_wconf 83' lang='lat' dir='ltr'><strong>vero</strong></span> <span class='ocrx_word' id='word_1_755' title='bbox 1736 5251 1915 5315; x_wconf 78' lang='lat' dir='ltr'><strong>gestis,</strong></span> <span class='ocrx_word' id='word_1_756' title='bbox 1947 5258 2229 5320; x_wconf 87' lang='lat' dir='ltr'><strong>postquam</strong></span> <span class='ocrx_word' id='word_1_757' title='bbox 2260 5250 2363 5302; x_wconf 87' lang='lat' dir='ltr'><strong>ini-</strong></span> 
     </span>
    </p>
   </div>
   <div class='ocr_carea' id='block_1_102' title="bbox 840 5332 2367 5401">
    <p class='ocr_par' dir='ltr' id='par_1_102' title="bbox 840 5332 2367 5401">
     <span class='ocr_line' id='line_1_102' title="bbox 840 5332 2367 5401; baseline 0.006 -20"><span class='ocrx_word' id='word_1_758' title='bbox 840 5332 959 5386; x_wconf 81' lang='lat' dir='ltr'><strong>mici</strong></span> <span class='ocrx_word' id='word_1_759' title='bbox 993 5332 1133 5385; x_wconf 86' lang='lat' dir='ltr'><strong>bona</strong></span> <span class='ocrx_word' id='word_1_760' title='bbox 1161 5332 1393 5401; x_wconf 80' lang='lat' dir='ltr'><strong>ipsorum</strong></span> <span class='ocrx_word' id='word_1_761' title='bbox 1423 5336 1641 5391; x_wconf 83' lang='lat' dir='ltr'><strong>interse</strong></span> <span class='ocrx_word' id='word_1_762' title='bbox 1670 5335 1971 5399; x_wconf 85' lang='lat' dir='ltr'><strong>diviserint,</strong></span> <span class='ocrx_word' id='word_1_763' title='bbox 2002 5354 2158 5392; x_wconf 89' lang='lat' dir='ltr'><strong>nemo</strong></span> <span class='ocrx_word' id='word_1_764' title='bbox 2180 5339 2245 5393; x_wconf 91' lang='lat' dir='ltr'><strong>iis</strong></span> <span class='ocrx_word' id='word_1_765' title='bbox 2274 5338 2367 5390; x_wconf 86' lang='lat' dir='ltr'><strong>ad-</strong></span> 
     </span>
    </p>
   </div>
   <div class='ocr_carea' id='block_1_103' title="bbox 841 5418 2367 5496">
    <p class='ocr_par' dir='ltr' id='par_1_103' title="bbox 841 5418 2367 5496">
     <span class='ocr_line' id='line_1_103' title="bbox 841 5418 2367 5496; baseline 0.007 -27"><span class='ocrx_word' id='word_1_766' title='bbox 841 5418 979 5483; x_wconf 89' lang='lat' dir='ltr'><strong>iutor</strong></span> <span class='ocrx_word' id='word_1_767' title='bbox 1002 5420 1127 5482; x_wconf 85' lang='lat' dir='ltr'><strong>erit,</strong></span> <span class='ocrx_word' id='word_1_768' title='bbox 1153 5434 1251 5473; x_wconf 90' lang='lat' dir='ltr'><strong>nec</strong></span> <span class='ocrx_word' id='word_1_769' title='bbox 1270 5435 1449 5476; x_wconf 82' lang='lat' dir='ltr'><strong>eorum</strong></span> <span class='ocrx_word' id='word_1_770' title='bbox 1474 5423 1598 5479; x_wconf 88' lang='lat' dir='ltr'><strong>ﬁliis</strong></span> <span class='ocrx_word' id='word_1_771' title='bbox 1625 5435 1889 5494; x_wconf 90' lang='lat' dir='ltr'><strong>parcetur.</strong></span> <span class='ocrx_word' id='word_1_772' title='bbox 1914 5424 2113 5481; x_wconf 88' lang='lat' dir='ltr'><strong>Deinde</strong></span> <span class='ocrx_word' id='word_1_773' title='bbox 2140 5426 2367 5496; x_wconf 87' lang='lat' dir='ltr'><strong>quadra-</strong></span> 
     </span>
    </p>
   </div>
   <div class='ocr_carea' id='block_1_104' title="bbox 843 5509 2367 5587">
    <p class='ocr_par' dir='ltr' id='par_1_104' title="bbox 843 5509 2367 5587">
     <span class='ocr_line' id='line_1_104' title="bbox 843 5509 2367 5587; baseline 0.007 -28"><span class='ocrx_word' id='word_1_774' title='bbox 843 5509 981 5576; x_wconf 84' lang='lat' dir='ltr'><strong>ginta</strong></span> <span class='ocrx_word' id='word_1_775' title='bbox 1008 5510 1243 5564; x_wconf 88' lang='lat' dir='ltr'><strong>nondum</strong></span> <span class='ocrx_word' id='word_1_776' title='bbox 1271 5511 1465 5579; x_wconf 88' lang='lat' dir='ltr'><strong>elapsis</strong></span> <span class='ocrx_word' id='word_1_777' title='bbox 1492 5517 1669 5584; x_wconf 90' lang='lat' dir='ltr'><strong>anuis,</strong></span> <span class='ocrx_word' id='word_1_778' title='bbox 1698 5514 2001 5573; x_wconf 66' lang='lat' dir='ltr'><strong>Judaeorum</strong></span> <span class='ocrx_word' id='word_1_779' title='bbox 2037 5519 2262 5587; x_wconf 89' lang='lat' dir='ltr'><strong>populus</strong></span> <span class='ocrx_word' id='word_1_780' title='bbox 2286 5518 2367 5571; x_wconf 91' lang='lat' dir='ltr'><strong>in-</strong></span> 
     </span>
    </p>
   </div>
   <div class='ocr_carea' id='block_1_105' title="bbox 808 5600 1487 5656">
    <p class='ocr_par' dir='ltr' id='par_1_105' title="bbox 808 5600 1487 5656">
     <span class='ocr_line' id='line_1_105' title="bbox 808 5600 1487 5656; baseline 0.01 -7"><span class='ocrx_word' id='word_1_781' title='bbox 808 5636 813 5641; x_wconf 55' lang='grc' dir='ltr'><strong>ι</strong></span> <span class='ocrx_word' id='word_1_782' title='bbox 844 5601 1143 5655; x_wconf 79' lang='lat' dir='ltr'><strong>ternecione</strong></span> <span class='ocrx_word' id='word_1_783' title='bbox 1174 5600 1380 5655; x_wconf 86' lang='lat' dir='ltr'><strong>deletus</strong></span> <span class='ocrx_word' id='word_1_784' title='bbox 1404 5608 1487 5656; x_wconf 80' lang='lat' dir='ltr'><strong>est</strong></span> 
     </span>
    </p>
   </div>
   <div class='ocr_carea' id='block_1_106' title="bbox 910 5851 1387 5919">
    <p class='ocr_par' dir='ltr' id='par_1_106' title="bbox 910 5851 1387 5919">
     <span class='ocr_line' id='line_1_106' title="bbox 910 5851 1387 5919; baseline 0.019 -16"><span class='ocrx_word' id='word_1_785' title='bbox 910 5855 950 5903; x_wconf 61' lang='lat' dir='ltr'><strong>ll</strong></span> <span class='ocrx_word' id='word_1_786' title='bbox 990 5851 1172 5919; x_wconf 66' lang='lat' dir='ltr'><strong>Matth.</strong></span> <span class='ocrx_word' id='word_1_787' title='bbox 1211 5870 1269 5919; x_wconf 75' lang='grc' dir='ltr'><strong>ν,</strong></span> <span class='ocrx_word' id='word_1_788' title='bbox 1300 5854 1387 5912; x_wconf 70' lang='grc'><strong>44.</strong></span> 
     </span>
    </p>
   </div>
   <div class='ocr_carea' id='block_1_107' title="bbox 2466 4874 4011 4953">
    <p class='ocr_par' dir='ltr' id='par_1_107' title="bbox 2466 4874 4011 4953">
     <span class='ocr_line' id='line_1_107' title="bbox 2466 4874 4011 4953; baseline -0.014 -11"><span class='ocrx_word' id='word_1_789' title='bbox 2466 4883 2570 4953; x_wconf 84' lang='grc' dir='ltr'>μιᾷ</span> <span class='ocrx_word' id='word_1_790' title='bbox 2587 4882 2955 4951; x_wconf 70' lang='grc' dir='ltr'>ἐξαλειφθείη</span> <span class='ocrx_word' id='word_1_791' title='bbox 3001 4878 3068 4931; x_wconf 86' lang='grc' dir='ltr'>τὸ</span> <span class='ocrx_word' id='word_1_792' title='bbox 3098 4877 3281 4944; x_wconf 82' lang='grc' dir='ltr'>ὄνομα</span> <span class='ocrx_word' id='word_1_793' title='bbox 3311 4874 3512 4928; x_wconf 87' lang='grc' dir='ltr'>αὐτοῦ.</span> <span class='ocrx_word' id='word_1_794' title='bbox 3567 4874 3623 4927; x_wconf 88' lang='lat'><strong>&#39;0</strong></span> <span class='ocrx_word' id='word_1_795' title='bbox 3642 4874 3697 4928; x_wconf 85' lang='grc' dir='ltr'>δὲ</span> <span class='ocrx_word' id='word_1_796' title='bbox 3722 4876 4011 4946; x_wconf 82' lang='grc' dir='ltr'>Σύμμαχος</span> 
     </span>
    </p>
   </div>
   <div class='ocr_carea' id='block_1_108' title="bbox 2470 4962 4011 5038">
    <p class='ocr_par' dir='ltr' id='par_1_108' title="bbox 2470 4962 4011 5038">
     <span class='ocr_line' id='line_1_108' title="bbox 2470 4962 4011 5038; baseline -0.003 -16"><span class='ocrx_word' id='word_1_797' title='bbox 2470 4972 2627 5034; x_wconf 73' lang='grc' dir='ltr'>οὕτω,</span> <span class='ocrx_word' id='word_1_798' title='bbox 2656 4967 3021 5038; x_wconf 82' lang='grc' dir='ltr'>Συγκρούσαι</span> <span class='ocrx_word' id='word_1_799' title='bbox 3045 4962 3314 5031; x_wconf 82' lang='grc' dir='ltr'>πράκτωρ</span> <span class='ocrx_word' id='word_1_800' title='bbox 3344 4962 3534 5015; x_wconf 84' lang='grc' dir='ltr'>πάντα</span> <span class='ocrx_word' id='word_1_801' title='bbox 3558 4962 3629 5015; x_wconf 85' lang='grc' dir='ltr'>τὰ</span> <span class='ocrx_word' id='word_1_802' title='bbox 3644 4964 4011 5031; x_wconf 75' lang='grc' dir='ltr'>,ὑπάρχοντα</span> 
     </span>
    </p>
   </div>
   <div class='ocr_carea' id='block_1_109' title="bbox 2472 5053 4010 5129">
    <p class='ocr_par' dir='ltr' id='par_1_109' title="bbox 2472 5053 4010 5129">
     <span class='ocr_line' id='line_1_109' title="bbox 2472 5053 4010 5129; baseline -0.004 -16"><span class='ocrx_word' id='word_1_803' title='bbox 2472 5061 2644 5126; x_wconf 85' lang='grc' dir='ltr'>αὐτῷ.</span> <span class='ocrx_word' id='word_1_804' title='bbox 2700 5060 3009 5129; x_wconf 81' lang='grc' dir='ltr'>Πράκτορες</span> <span class='ocrx_word' id='word_1_805' title='bbox 3037 5054 3091 5107; x_wconf 85' lang='grc' dir='ltr'>δὲ</span> <span class='ocrx_word' id='word_1_806' title='bbox 3121 5055 3214 5107; x_wconf 76' lang='grc' dir='ltr'>καὶ</span> <span class='ocrx_word' id='word_1_807' title='bbox 3235 5055 3283 5105; x_wconf 90' lang='grc' dir='ltr'>οἱ</span> <span class='ocrx_word' id='word_1_808' title='bbox 3330 5054 3605 5123; x_wconf 86' lang='grc' dir='ltr'>Ῥωμαίων</span> <span class='ocrx_word' id='word_1_809' title='bbox 3648 5053 3883 5122; x_wconf 82' lang='grc' dir='ltr'>βασιλεῖς</span> <span class='ocrx_word' id='word_1_810' title='bbox 3919 5054 4010 5107; x_wconf 78' lang='grc' dir='ltr'><strong>τὸν</strong></span> 
     </span>
    </p>
   </div>
   <div class='ocr_carea' id='block_1_110' title="bbox 2471 5137 4009 5219">
    <p class='ocr_par' dir='ltr' id='par_1_110' title="bbox 2471 5137 4009 5219">
     <span class='ocr_line' id='line_1_110' title="bbox 2471 5137 4009 5219; baseline -0.005 -18"><span class='ocrx_word' id='word_1_811' title='bbox 2471 5150 2804 5219; x_wconf 76' lang='grc' dir='ltr'>ἐπικείμενον</span> <span class='ocrx_word' id='word_1_812' title='bbox 2837 5143 3272 5215; x_wconf 83' lang='grc' dir='ltr'>εἰσπραττόμενοι</span> <span class='ocrx_word' id='word_1_813' title='bbox 3306 5142 3483 5211; x_wconf 84' lang='grc' dir='ltr'>φόρον.</span> <span class='ocrx_word' id='word_1_814' title='bbox 3512 5137 3666 5196; x_wconf 72' lang='grc' dir='ltr'>Οὗτοι</span> <span class='ocrx_word' id='word_1_815' title='bbox 3695 5140 3751 5195; x_wconf 80' lang='grc' dir='ltr'><strong>δέ</strong></span> <span class='ocrx_word' id='word_1_816' title='bbox 3779 5140 3847 5194; x_wconf 85' lang='grc' dir='ltr'>τὰ</span> <span class='ocrx_word' id='word_1_817' title='bbox 3883 5143 4009 5195; x_wconf 80' lang='grc' dir='ltr'>Ἰου-</span> 
     </span>
    </p>
   </div>
   <div class='ocr_carea' id='block_1_111' title="bbox 2470 5233 4009 5308">
    <p class='ocr_par' dir='ltr' id='par_1_111' title="bbox 2470 5233 4009 5308">
     <span class='ocr_line' id='line_1_111' title="bbox 2470 5233 4009 5308; baseline -0.005 -16"><span class='ocrx_word' id='word_1_818' title='bbox 2470 5239 2628 5293; x_wconf 88' lang='grc' dir='ltr'>δαίων</span> <span class='ocrx_word' id='word_1_819' title='bbox 2654 5240 2975 5308; x_wconf 88' lang='grc' dir='ltr'>διήρπασαν,</span> <span class='ocrx_word' id='word_1_820' title='bbox 3005 5235 3212 5287; x_wconf 75' lang='grc' dir='ltr'>ἅπαντα</span> <span class='ocrx_word' id='word_1_821' title='bbox 3238 5234 3472 5302; x_wconf 76' lang='grc' dir='ltr'>ἀκριϐῶς</span> <span class='ocrx_word' id='word_1_822' title='bbox 3503 5233 3901 5305; x_wconf 75' lang='grc' dir='ltr'>ἐρευνήσαντες,</span> <span class='ocrx_word' id='word_1_823' title='bbox 3932 5233 4009 5296; x_wconf 82' lang='grc' dir='ltr'>ὡς</span> 
     </span>
    </p>
   </div>
   <div class='ocr_carea' id='block_1_112' title="bbox 2471 5320 4009 5396">
    <p class='ocr_par' dir='ltr' id='par_1_112' title="bbox 2471 5320 4009 5396">
     <span class='ocr_line' id='line_1_112' title="bbox 2471 5320 4009 5396; baseline -0.003 -17"><span class='ocrx_word' id='word_1_824' title='bbox 2471 5328 2562 5379; x_wconf 74' lang='grc' dir='ltr'>καὶ</span> <span class='ocrx_word' id='word_1_825' title='bbox 2580 5327 2645 5380; x_wconf 84' lang='grc' dir='ltr'>τὰ</span> <span class='ocrx_word' id='word_1_826' title='bbox 2661 5324 3009 5396; x_wconf 85' lang='grc' dir='ltr'>κεκρυμμένα</span> <span class='ocrx_word' id='word_1_827' title='bbox 3022 5324 3079 5375; x_wconf 83' lang='grc' dir='ltr'><strong>εὑ</strong></span> <span class='ocrx_word' id='word_1_828' title='bbox 3090 5324 3197 5390; x_wconf 88' lang='grc' dir='ltr'>ρεῖν</span> <span class='ocrx_word' id='word_1_829' title='bbox 3211 5338 3269 5373; x_wconf 90' lang='grc' dir='ltr'><strong>τε</strong></span> <span class='ocrx_word' id='word_1_830' title='bbox 3285 5323 3373 5375; x_wconf 70' lang='grc' dir='ltr'>καὶ</span> <span class='ocrx_word' id='word_1_831' title='bbox 3393 5320 3936 5393; x_wconf 71' lang='grc' dir='ltr'>σφετερίσαι.Τούτων</span> <span class='ocrx_word' id='word_1_832' title='bbox 3948 5321 4009 5374; x_wconf 83' lang='grc' dir='ltr'><strong>δέ</strong></span> 
     </span>
    </p>
   </div>
   <div class='ocr_carea' id='block_1_113' title="bbox 2470 5411 4003 5487">
    <p class='ocr_par' dir='ltr' id='par_1_113' title="bbox 2470 5411 4003 5487">
     <span class='ocr_line' id='line_1_113' title="bbox 2470 5411 4003 5487; baseline -0.002 -19"><span class='ocrx_word' id='word_1_833' title='bbox 2470 5417 2788 5487; x_wconf 85' lang='grc' dir='ltr'>γενομένων,</span> <span class='ocrx_word' id='word_1_834' title='bbox 2828 5414 2919 5466; x_wconf 77' lang='grc' dir='ltr'><strong>καὶ</strong></span> <span class='ocrx_word' id='word_1_835' title='bbox 2946 5412 3051 5463; x_wconf 87' lang='grc' dir='ltr'><strong>τῶν</strong></span> <span class='ocrx_word' id='word_1_836' title='bbox 3089 5411 3353 5479; x_wconf 88' lang='grc' dir='ltr'>πολεμίων</span> <span class='ocrx_word' id='word_1_837' title='bbox 3368 5414 3434 5467; x_wconf 85' lang='grc' dir='ltr'>τὰ</span> <span class='ocrx_word' id='word_1_838' title='bbox 3446 5412 3650 5471; x_wconf 84' lang='grc' dir='ltr'>τούτοις</span> <span class='ocrx_word' id='word_1_839' title='bbox 3668 5412 4003 5481; x_wconf 83' lang='grc' dir='ltr'>προσήκοντα</span> 
     </span>
    </p>
   </div>
   <div class='ocr_carea' id='block_1_114' title="bbox 2470 5500 4074 5575">
    <p class='ocr_par' dir='ltr' id='par_1_114' title="bbox 2470 5500 4074 5575">
     <span class='ocr_line' id='line_1_114' title="bbox 2470 5500 4074 5575; baseline -0.004 -18"><span class='ocrx_word' id='word_1_840' title='bbox 2470 5504 2882 5575; x_wconf 83' lang='grc' dir='ltr'>διανεμομένων,</span> <span class='ocrx_word' id='word_1_841' title='bbox 2900 5502 3067 5563; x_wconf 71' lang='grc' dir='ltr'>οὐδεὶς</span> <span class='ocrx_word' id='word_1_842' title='bbox 3080 5501 3255 5565; x_wconf 82' lang='grc' dir='ltr'>αὐτοῖς</span> <span class='ocrx_word' id='word_1_843' title='bbox 3276 5504 3556 5573; x_wconf 76' lang='grc' dir='ltr'>ἐπίκουρος</span> <span class='ocrx_word' id='word_1_844' title='bbox 3578 5500 3868 5563; x_wconf 73' lang='grc' dir='ltr'>ἔσται,οὑδέ</span> <span class='ocrx_word' id='word_1_845' title='bbox 3882 5518 3999 5568; x_wconf 83' lang='grc' dir='ltr'>φει-</span> <span class='ocrx_word' id='word_1_846' title='bbox 4063 5540 4074 5561; x_wconf 55' lang='grc' dir='ltr'><strong><em>ε</em></strong></span> 
     </span>
    </p>
   </div>
   <div class='ocr_carea' id='block_1_115' title="bbox 2470 5587 3997 5667">
    <p class='ocr_par' dir='ltr' id='par_1_115' title="bbox 2470 5587 3997 5667">
     <span class='ocr_line' id='line_1_115' title="bbox 2470 5587 3997 5667; baseline 0.001 -22"><span class='ocrx_word' id='word_1_847' title='bbox 2470 5594 2588 5658; x_wconf 82' lang='grc' dir='ltr'>δοῦς</span> <span class='ocrx_word' id='word_1_848' title='bbox 2613 5594 2847 5660; x_wconf 54' lang='grc' dir='ltr'>αὐτῶνςοί</span> <span class='ocrx_word' id='word_1_849' title='bbox 2875 5592 3056 5655; x_wconf 79' lang='grc' dir='ltr'>παῖδες</span> <span class='ocrx_word' id='word_1_850' title='bbox 3081 5587 3473 5661; x_wconf 75' lang='grc' dir='ltr'>ἀξιωθήσονται-.</span> <span class='ocrx_word' id='word_1_851' title='bbox 3486 5587 3621 5667; x_wconf 66' lang='grc' dir='ltr'>,Εῐτα</span> <span class='ocrx_word' id='word_1_852' title='bbox 3635 5597 3686 5662; x_wconf 85' lang='grc' dir='ltr'>μ’</span> <span class='ocrx_word' id='word_1_853' title='bbox 3698 5593 3758 5645; x_wconf 69' lang='grc' dir='ltr'>οὗ</span> <span class='ocrx_word' id='word_1_854' title='bbox 3773 5593 3997 5647; x_wconf 81' lang='grc' dir='ltr'>διελθόν-</span> 
     </span>
    </p>
   </div>
   <div class='ocr_carea' id='block_1_116' title="bbox 2470 5680 3892 5755">
    <p class='ocr_par' dir='ltr' id='par_1_116' title="bbox 2470 5680 3892 5755">
     <span class='ocr_line' id='line_1_116' title="bbox 2470 5680 3892 5755; baseline -0.004 -15"><span class='ocrx_word' id='word_1_855' title='bbox 2470 5701 2574 5755; x_wconf 84' lang='grc' dir='ltr'><strong>των</strong></span> <span class='ocrx_word' id='word_1_856' title='bbox 2588 5685 2745 5751; x_wconf 80' lang='grc' dir='ltr'>ἐτῶν,</span> <span class='ocrx_word' id='word_1_857' title='bbox 2757 5682 2981 5739; x_wconf 85' lang='grc' dir='ltr'>πανολεθ</span> <span class='ocrx_word' id='word_1_858' title='bbox 2988 5682 3104 5753; x_wconf 86' lang='grc' dir='ltr'>ρίαν</span> <span class='ocrx_word' id='word_1_859' title='bbox 3121 5682 3401 5753; x_wconf 83' lang='grc' dir='ltr'>ὑπέμεινεν</span> <span class='ocrx_word' id='word_1_860' title='bbox 3415 5686 3443 5736; x_wconf 87' lang='grc' dir='ltr'><strong>ὁ</strong></span> <span class='ocrx_word' id='word_1_861' title='bbox 3473 5680 3733 5737; x_wconf 82' lang='grc' dir='ltr'>Ἰουδαίων</span> <span class='ocrx_word' id='word_1_862' title='bbox 3754 5682 3892 5743; x_wconf 86' lang='grc' dir='ltr'>λαός.</span> 
     </span>
    </p>
   </div>
  </div>
