4318 6438
318 537 443 593 1357

1372 538 1863 597 COMMENTARIA
1902 542 1963 595 IN
2006 541 2335 598 PSALMOS.

3337 545 3472 600 1558

390 652 804 723 Ἀναμνησθείη
850 654 889 723 ἡ
921 655 1133 724 ἀνομία
1187 656 1302 711 τῶν
1355 659 1617 728 πατέρων
1658 661 1838 715 αὑτοῦ
1867 668 1911 721 Α
2009 660 2095 713 Vm

1770 661 1838 715 οὗ
1867 668 1911 721 Α
2009 660 2168 716 Vens.
2202 662 2383 716 HAG.
2444 661 2509 714 In
2541 665 2836 716 memoriam
2886 662 3058 715 redeat
3104 648 3347 731 iniquitas
3380 677 3475 729 pa-

315 743 509 798 ἔναντι
539 745 777 813 Κυρίου,
805 747 900 799 καὶ
929 748 968 814 ἡ
1009 747 1255 817 ἁμαρτία
1286 751 1395 819 τῆς
1418 753 1637 821 μητρὸς
1667 755 1848 809 αὐτοῦ

312 836 391 904 μὴ
415 835 804 904 ἐξαλειφθείη.
836 838 1146 905 Γενηθήτω
1172 841 1442 897 ἐναντίον
1472 846 1687 913 Κυρίου
1738 846 1854 899 δια-

314 930 555 992 παντὸς,
573 931 665 982 καί
681 930 1084 997 ἐξολοθρευθεί
1088 951 1123 1000 η
1158 934 1226 987 ἐκ
1248 934 1359 1002 γῆς
1379 936 1443 987 τὸ
1461 940 1854 1006 μνημόσυνον

313 1017 526 1081 αὐτῶν,
554 1018 679 1072 ἀνθ’
714 1013 800 1072 ὧν
822 1020 928 1072 οὐκ
952 1019 1217 1089 ἐμνήσθη
1250 1023 1494 1091 ποιῆσαι
1524 1026 1711 1093 ἕλεος.
1740 1029 1851 1079 Πα-

315 1105 484 1176 τέρων
523 1105 686 1176 ἁρετὴ
727 1105 979 1169 πολλάκις
1025 1108 1115 1160 καὶ
1156 1109 1639 1182 πλημμελήσαντας
1682 1113 1854 1183 ὢνησε

319 1196 530 1261 παῖδας,
560 1197 634 1259 ὠς
688 1199 812 1259 τοὺς
864 1198 1141 1262 Ἰουδαίους
1178 1200 1266 1253 τοῦ
1322 1202 1564 1273 Ἀϐραὰμ
1594 1206 1625 1272 ὴ
1659 1204 1855 1267 πίστις,

319 1286 394 1349 ώς
423 1288 512 1341 τὸν
538 1288 849 1359 Σολομῶντα
886 1290 978 1343 τοῦ
1014 1291 1226 1361 Δαυῒδὴ
1260 1292 1502 1346 εὐσέϐεια
1523 1313 1534 1324 ·
1560 1295 1784 1366 πονηρία
1803 1298 1858 1349 δὲ

320 1376 564 1445 πατέρων
589 1380 700 1439 τοίς
743 1379 946 1446 ὁμοίοις
973 1381 1155 1432 παισὶν
1184 1381 1401 1444 ὲπαύξει
1439 1382 1535 1452 τὴν
1564 1384 1852 1454 τιμωρίαψ

320 1463 542 1533 οὐδεμία
576 1466 684 1534 γὰρ
712 1466 1000 1535 οὐδαμόθεν
1034 1466 1337 1537 εὑρίσκεται
1377 1468 1585 1536 φειδοῦς
1622 1471 1857 1540 ἀφορμή.

333 1554 749 1623 Ἀναμνησθείη
767 1557 803 1623 ἡ
820 1556 1034 1628 ἀνομία
1048 1556 1165 1609 τῶν
1178 1559 1441 1626 πατέρων
1465 1558 1645 1611 αὑτοῦ
1662 1560 1860 1611 ἔναντι

322 1647 560 1713 Κυρίου.
611 1647 853 1717 Πατέρας
891 1647 945 1700 δὲ
988 1648 1165 1702 αὐτῶν
1201 1650 1488 1712 καλεῑτοὺς
1514 1652 1569 1701 ὲν
1589 1654 1652 1720 τῇ
1678 1652 1862 1722 ἐρήμῳ

1949 761 2083 803 trum
2106 751 2217 819 ejus
2250 752 2303 803 in
2349 762 2618 818 conspectu
2652 752 2881 814 Domini;
2914 761 2961 805 et
3000 761 3262 820 peccatum
3288 753 3475 805 matris

1949 843 2058 910 ejus
2086 859 2183 894 non
2205 842 2455 895 deleatur.
2488 841 2609 896 Fiat
2654 853 2834 897 contra
2879 842 3156 897 Dominum
3179 859 3394 911 semper,
3428 855 3476 896 et

1950 935 2205 999 dispereat
2246 934 2306 987 de
2360 944 2499 988 terra
2542 936 2837 989 memoriale
2882 952 3076 997 eorum,
3122 950 3215 1001 pro
3251 951 3309 987 eo
3342 932 3480 1004 quod

1952 1041 2052 1076 non
2072 1034 2147 1077 est
2176 1024 2471 1087 recordatus
2498 1026 2663 1093 facere
2690 1027 3111 1081 misericordiam.
3137 1026 3351 1079 Patrum
3378 1025 3482 1077 vir-

1952 1123 2039 1169 tus
2068 1120 2429 1183 saepenumero
2458 1118 2615 1170 etiam
2645 1115 2766 1172 ﬁliis
2797 1117 3141 1197 peccantibus
3165 1114 3386 1184 profuit,
3422 1124 3481 1167 ut

1956 1202 2084 1257 ﬁdes
2108 1204 2328 1257 Abrahae
2354 1201 2571 1265 Judazis,
2597 1202 2810 1257 Davidis
2844 1203 3011 1272 pietas
3043 1201 3307 1255 Salomoni
3343 1218 3357 1254 :
3386 1199 3481 1253 sed

1956 1294 2190 1361 pravitas
2224 1300 2505 1362 parentum
2536 1294 2658 1347 (iliis
2684 1293 2947 1347 similibus
2978 1306 3190 1362 poenam
3221 1289 3481 1358 adauget;

1957 1401 2020 1438 ex
2050 1386 2198 1438 nullo
2227 1388 2421 1454 quippe
2463 1385 2580 1437 loco
2624 1385 2801 1452 aliqua
2844 1382 3127 1437 miserendi
3157 1380 3368 1435 occasio
3398 1392 3484 1431 re-

1959 1474 2182 1542 peritur.
2216 1473 2280 1525 In
2324 1474 2623 1525 memoriam
2656 1472 2829 1525 redeat
2867 1471 3111 1539 iniquitas
3140 1480 3345 1537 patrum
3372 1466 3483 1534 ejus

1957 1562 2012 1613 in
2065 1573 2335 1629 conspectu
2378 1562 2603 1615 Domini.
2652 1560 2839 1614 Patres
2888 1570 3059 1614 autem
3102 1574 3287 1612 eorum
3333 1566 3487 1610 vocat

1962 1650 2102 1712 illos,
2151 1651 2241 1719 qui
2275 1652 2327 1704 in
2360 1651 2573 1704 deserto
2617 1650 2775 1718 impie
2806 1664 2863 1702 se
2902 1656 3199 1718 gesserunt,
3236 1646 3327 1715 qui
3354 1653 3489 1699 tem-
3596 1652 3597 1657 ‘

324 1738 389 1805 τῇ
444 1735 722 1807 δυσσεϐείᾳ
762 1738 1148 1808 χρησαμένους,
1197 1740 1319 1803 τούς
1360 1741 1450 1792 ἐπὶ
1498 1739 1604 1792 τῶν
1642 1741 1857 1811 κριτῶν,
1888 1728 1929 1781 Β
1957 1753 2029 1807 p0

1783 1741 1857 1804 ὒν,
1888 1728 1929 1781 Β
1957 1753 2085 1807 pore
2114 1738 2350 1805 judicum
2398 1747 2452 1791 et
2491 1753 2695 1808 regum,
2737 1737 2933 1805 quique
2974 1744 3092 1804 post
3143 1734 3369 1789 reditum
3423 1749 3488 1787 ex

322 1828 446 1889 τοὺς
466 1827 672 1880 ἐπὶτῶν
689 1828 984 1897 βασιλειῶν,
1008 1831 1129 1893 τοὺς
1148 1830 1282 1899 μετὰ
1309 1829 1404 1899 τὴν
1428 1830 1533 1882 ἀπὸ
1553 1824 1861 1893 Βαϐυλῶνος

326 1913 576 1966 ἐπάνοδον
589 1917 893 1986 παρανομίᾳ
917 1918 1265 1988 συξήσαντας.
1297 1919 1401 1971 Kal
1427 1920 1462 1984 η
1489 1919 1736 1986 ἁμαρτία
1757 1917 1865 1985 τῆς

319 2004 540 2071 μητρὸς
584 2006 764 2060 αὑτοῦ
810 2005 893 2074 μὴ
950 2006 1338 2075 ἐξαλειφθείη.
1399 2006 1624 2077 Μητέρα
1671 2006 1723 2058 δὲ
1773 2006 1868 2075 τὴν

334 2092 698 2164 Ἰερουσαλὴμ,
745 2096 803 2147 ὲν
832 2091 865 2167 ᾖ
890 2096 985 2166 τῆς
1022 2095 1161 2148 κατὰ
1200 2095 1293 2148 τοῦ
1332 2096 1595 2148 Δεσπὸτου
1636 2094 1867 2166 Χριστοῦ

332 2185 635 2253 μιαιφονίας
659 2185 921 2256 ἐτολμήθη
948 2186 1007 2239 τὸ
1026 2185 1210 2255 μῦσος.
1246 2186 1560 2254 Γενηθήτω
1598 2186 1869 2239 ἐναντίον

330 2272 545 2339 Κυρίου
574 2272 911 2339 διαπαντὸς,
937 2274 1031 2327 καὶ
1071 2274 1509 2343 ἐξολοθρευθείη
1550 2276 1618 2329 ἐκ
1660 2275 1772 2344 γῆς
1802 2274 1868 2327 τὸ

325 2364 717 2431 μνημόσυνον
769 2363 981 2428 αὐτῶν,
1013 2358 1140 2420 ἄνθ’
1174 2358 1388 2424 city-olm
1414 2367 1678 2435 ἐμνήσθη
1710 2364 1872 2432 ποιῆ-

333 2468 437 2506 σαι
463 2454 649 2521 ἕλεος.
684 2456 882 2519 Πάντα,
930 2459 1083 2527 φησι,
1112 2458 1179 2510 τὰ
1218 2448 1306 2510 ὑπ’
1338 2457 1511 2510 αὐτῶν
1540 2455 1871 2526 τολμηθέντα

334 2544 620 2613 παράνομα
674 2545 759 2597 ἀεὶ
806 2544 1068 2615 θεώμενος
1117 2549 1145 2598 ὁ
1176 2546 1339 2609 Θεὸς,
1386 2546 1635 2615 οὐδεμιᾶς
1681 2546 1874 2609 αὐτοὺς

334 2633 551 2700 ἀξιώσει
592 2633 822 2700 φειδοῦς,
858 2635 989 2687 ἀλλὰ
1032 2634 1350 2705 πανολεθρίᾳ
1400 2633 1719 2706 παραδώσει.
1766 2637 1874 2690 Καὶ

336 2725 577 2779 ἐντεῦθεν
605 2725 779 2793 μέντοι
809 2725 981 2793 δῆλον,
1006 2724 1080 2787 ώς
1104 2725 1160 2777 οὐ
1192 2725 1316 2794 περὶ
1364 2726 1521 2795 μόνου
1558 2725 1650 2779 τοῦ
1683 2726 1869 2791 Ἰούδα,

338 2816 473 2870 ἀλλὰ
504 2818 627 2885 περὶ
657 2817 868 2869 πάντων
891 2816 996 2867 τῶν
1023 2816 1394 2886 ἠπιστηκότων
1410 2815 1668 2870 Ἰουδαίων
1695 2816 1839 2887 λέγει
1856 2836 1870 2849 ο

1963 1830 2252 1899 Babylonia
2280 1830 2754 1898 inique'vixerunt.
2786 1827 2852 1881 Et
2877 1839 3139 1897 peccatum
3170 1828 3353 1879 matris
3379 1826 3491 1895 ejus

1968 1935 2068 1972 non
2102 1917 2354 1972 deleatur.
2389 1917 2608 1971 Matrem
2638 1933 2764 1972 vero
2814 1926 2969 1971 vocat
3003 1915 3407 1986 Jerosolymam,
3438 1916 3494 1968 in

1964 2022 2067 2076 qua
2096 2015 2376 2061 cruentum
2427 2014 2615 2061 contra
2649 2004 2929 2060 Dominum
2971 2006 3246 2060 Christum
3288 1990 3497 2059 facinus

1970 2106 2274 2169 perpetrare
2302 2098 2419 2152 ausi
2439 2106 2580 2153 sunt.
2610 2097 2735 2150 Fiat
2761 2106 2941 2150 contra
2968 2097 3247 2151 Dominum
3278 2112 3496 2164 semper,

1969 2198 2017 2241 et
2039 2188 2296 2257 dispereat
2326 2189 2389 2241 de
2430 2198 2567 2242 terra
2602 2188 2899 2242 memoriale
2921 2204 3119 2251 eorum,
3156 2203 3248 2255 pro
3276 2204 3334 2241 eo
3362 2192 3498 2256 quod

1970 2296 2073 2332 non
2098 2288 2173 2332 est
2203 2279 2501 2332 recordatus
2545 2280 2712 2347 facere
2759 2280 3186 2337 misericordiam.
3220 2277 3355 2332 Cum
3385 2294 3503 2331 om-

1970 2371 2080 2432 nia,
2110 2370 2304 2438 inquit,
2332 2370 2397 2423 ab
2422 2371 2501 2424 eis
2527 2369 2759 2425 admissa
2783 2371 2985 2425 scelera
3005 2368 3145 2425 Deus
3184 2382 3394 2436 semper
3420 2369 3505 2421 in~

1969 2468 2205 2525 tueatur,
2228 2462 2384 2530 [nulla
2426 2462 2572 2531 ipsos
2601 2463 2756 2516 venia
2795 2462 3119 2532 dignabitur,
3150 2460 3240 2515 sed
3268 2460 3505 2514 interne-

1970 2550 2112 2604 cioni
2159 2550 2355 2605 tradet.
2402 2552 2575 2621 Atque
2609 2553 2733 2606 hinc
2776 2554 2949 2621 palam
2992 2562 3094 2614 est,
3147 2567 3257 2606 non
3293 2550 3359 2605 de
3390 2549 3507 2604 solo

1968 2638 2126 2705 Juda,
2165 2640 2260 2696 sed
2290 2641 2355 2696 de
2386 2642 2632 2695 omnibus
2662 2641 2952 2695 incredulis
2980 2640 3178 2697 Judmis
3206 2642 3317 2696 haec
3345 2638 3452 2694 dici
3487 2656 3504 2693 :

1969 2746 2095 2785 nam
2122 2746 2151 2784 a
2169 2732 2422 2802 singulari
2437 2746 2665 2801 persona
2690 2731 2754 2783 ad
2786 2730 2983 2801 multos
3004 2744 3303 2785 sermonem
3326 2728 3510 2783 trans—

1972 2822 2119 2889 tulit;
2148 2826 2254 2877 no‘n
2282 2822 2422 2877 enim
2444 2823 2555 2890 jam
2585 2821 2733 2891 dicit,
2761 2821 2894 2889 ejus,
2950 2820 3069 2885 sed,
3092 2836 3286 2875 eorum.

338 2909 446 2961 ἀπὸ
492 2908 596 2978 γὰρ
640 2907 815 2961 ἑνικοῦ
862 2907 1146 2976 προσώπου
1184 2909 1273 2961 ἐπὶ
1321 2909 1382 2961 τὸ
1434 2908 1784 2972 πληθυντικὸν
1833 2912 1921 2966 τὸν
1969 2912 2122 2982 λόγον
2169 2914 2519 2985 μετήνεγκενο
2552 2914 2729 2967 οὐκέτι
2772 2913 2878 2985 γὰρ
2926 2909 3095 2973 εἶπεν.
3140 2910 3342 2977 αὐτοῦ,
3373 2908 3513 2989 ἀλλ’,

338 2997 556 3052 αὐτῶν.

408 3108 517 3162 Kal
555 3109 901 3173 κατεδίωξεν
925 3109 1230 3177 ἄνθρωπον
1252 3112 1474 3175 πένητα
1500 3111 1597 3163 καὶ
1622 3112 1873 3179 πτωχὸν,
1903 3120 1944 3177 c
2045 3110 2113 3165 Vs

1808 3128 1873 3174 ιν,
1903 3120 1944 3177 c
2045 3110 2207 3177 Vens,
2250 3113 2428 3175 {fl-20.
2470 3112 2539 3167 Et
2567 3121 2859 3182 persecutus
2897 3122 2973 3168 est
3022 3114 3276 3167 hominem
3312 3115 3513 3183 inopem

317 3201 438 3274 ,καί
476 3200 982 3269 κατανενυγμένον
1020 3198 1093 3266 τῇ
1116 3200 1325 3266 καρδίᾳ
1362 3199 1479 3253 τοῦ
1506 3200 1837 3254 θανατῶσαι
1862 3218 1874 3231 ·

342 3292 581 3344 τουτέστι
604 3289 976 3358 πεπληγμένον
1006 3289 1070 3341 δι’
1099 3288 1163 3351 ἃς
1189 3288 1331 3361 ἑώρα
1365 3290 1421 3341 ὲν
1447 3288 1625 3352 αὐτοῖς
1650 3304 1883 3361 παρανο-

348 3383 492 3452 μίας.
526 3381 682 3434 Ὅθεν
703 3382 793 3433 καὶ
820 3380 953 3451 πρὸς
980 3381 1075 3451 τὴν
1132 3380 1477 3451 Ἰερουσαλὴμ
1508 3380 1654 3448 ἔλεγε
1686 3382 1882 3435 κλαίων

344 3477 539 3546 αὐτήν·
559 3477 629 3528 El
660 3472 845 3540 ἔγνως
873 3471 1065 3525 καὶσὺ
1093 3472 1162 3524 τὰ
1181 3470 1594 3538 πρὸςέίρήνην
1621 3485 1745 3523 σοι’
1769 3471 1886 3525 νῦν

345 3565 654 3633 δὲιέκρύϐη
699 3560 815 3614 ἀπὸ
848 3561 964 3613 τῶν
1011 3558 1324 3628 ὀφθαλμῶν
1369 3574 1503 3612 σου.
1559 3559 1885 3614 Ἐθανάτωσε

344 3657 401 3708 δὲ
450 3654 626 3715 αὐτὸν,
670 3652 838 3713 αἴτιος
863 3650 1146 3719 γενόμενος
1174 3647 1266 3700 τοῦ
1300 3650 1378 3711 είς
1409 3648 1629 3702 θάνατον
1658 3650 1886 3720 παραδο-

348 3748 523 3816 θῆναι.
559 3741 955 3817 Καὶήγάπησε
985 3738 1262 3808 κατάραν,
1298 3739 1393 3792 καί
1425 3739 1553 3807 ἣξει
1574 3740 1762 3806 αὐτῷ’
1790 3742 1885 3795 καί

347 3838 458 3888 οὐκ
481 3832 776 3899 ἠθέλησεν
796 3831 1090 3899 εὐλογίαν,
1146 3832 1243 3885 καί
1285 3830 1761 3899 μακρυνθήσεται
1789 3833 1887 3885 ἀπ’

347 3922 550 3977 αὑτοῦ.
579 3922 689 3976 Kal
729 3921 1048 3977 ἐνεδύσατο
1074 3921 1332 3987 κατάραν
1370 3920 1449 3985 ὡς
1494 3921 1747 3989 ἱμάτιον,
1790 3920 1889 3975 καί

349 4012 632 4081 εἰσῆλθεν
655 4013 735 4077 ὡς
749 4011 901 4079 ὕδωρ
927 4014 1013 4076 είς
1032 4011 1105 4064 τὰ
1148 4010 1364 4078 ἔγκατα
1387 4010 1590 4073 αὐτοῦ,
1620 4010 1718 4063 καί
1749 4012 1889 4066 ὡσεί

349 4103 555 4156 ἔλαιον
579 4102 647 4155 ἐν
676 4101 799 4166 τοῖς
829 4100 1059 4165 ὀστέοις
1081 4100 1283 4153 αὑτοῦ.
1316 4098 1624 4163 Γενηθήτω
1639 4098 1795 4164 αὑτῷ
1814 4100 1891 4165 ὡς

350 4191 579 4260 ἱμάτιον
606 4191 638 4243 ὃ
681 4190 1105 4257 περιϐάλλεται,
1157 4190 1255 4242 καὶ
1308 4190 1449 4242 ὡσεὶ
1474 4190 1618 4257 (dum
1661 4189 1739 4257 ἣν
1770 4190 1893 4244 δια-

350 4280 572 4345 παντὸς
621 4278 1048 4346 περιζὶἱηονυται.
1095 4279 1271 4332 Τοῦτο
1318 4279 1383 4331 τὸ
1415 4279 1589 4347 ἔργον
1629 4279 1745 4332 τῶν
1774 4280 1893 4334 δια-

352 4370 693 4423 ϐαλλόντων
718 4384 794 4437 με
837 4368 990 4436 παρὰ
1018 4369 1255 4434 Κυρίου,
1280 4369 1378 4420 καὶ
1414 4368 1529 4421 τῶν
1550 4370 1893 4423 λαλούντων

1978 3212 2025 3255 et
2058 3202 2365 3265 mendicum,
2399 3216 2449 3257 et
2499 3214 2854 3271 compunctum
2887 3202 3038 3257 corde
3092 3204 3421 3274 morti/icore,
3458 3206 3514 3261 id

1980 3300 2080 3357 est,
2114 3308 2425 3362 percussum
2465 3296 2533 3348 ob
2561 3295 2869 3363 iniquitates
2891 3310 3025 3364 quas
3050 3296 3102 3348 in
3129 3295 3259 3367 ipsis
3279 3295 3511 3350 videbat.

1981 3384 2157 3448 Quare
2198 3383 2583 3455 Jerosolymam
2624 3384 2823 3440 deﬂens
2860 3384 3089 3439 dixitei:
3118 3384 3177 3440 Si
3196 3386 3514 3455 cognovisses

1981 3486 2029 3528 et
2058 3485 2113 3527 tu
2163 3492 2276 3543 qua:
2325 3475 2392 3527 ad
2433 3491 2610 3543 pacem
2660 3474 2788 3527 tibi:
2826 3492 2958 3528 nunc
2992 3486 3163 3529 autem
3213 3476 3517 3533 abscondita

1983 3574 2102 3617 sunt
2138 3565 2201 3616 ab
2244 3565 2408 3625 oculis
2462 3566 2563 3618 tuis
2590 3564 2654 3619 ⁸⁸.
2712 3556 3049 3618 Μὀτιίῐὶοεινίι
3101 3570 3277 3618 autem
3316 3564 3514 3634 ipsum,

1983 3654 2106 3723 quia
2141 3654 2193 3707 in
2249 3667 2413 3717 causa
2460 3653 2558 3708 fuit
2595 3668 2692 3708 cur
2723 3654 2788 3707 ad
2823 3662 3049 3709 mortem
3092 3654 3409 3707 traderetur.
3448 3654 3520 3707 Et

1984 3744 2166 3799 dilexit
2208 3743 2639 3807 maledictionem,
2672 3751 2721 3795 et
2764 3744 2926 3796 veniet
2970 3745 3052 3806 ei;
3083 3742 3337 3797 et‘noluit
3371 3744 3520 3798 bene-

1985 3834 2279 3897 dictionem,
2327 3843 2374 3887 ει
2406 3834 2733 3903 elongabitur
2765 3833 2829 3885 ab
2860 3850 2940 3888 eo.
2990 3833 3057 3885 Et
3102 3833 3268 3887 induit
3305 3833 3519 3887 maledi-

1986 3923 2204 3975 ctionem
2229 3922 2362 3975 sicut
2405 3921 2779 3981 vestimentum,
2810 3928 2863 3973 et
2892 3919 3102 3972 intravit
3123 3919 3256 3971 sicut
3304 3934 3438 3986 aqua
3464 3918 3521 3971 in

1987 4011 2234 4066 interiora
2260 4009 2393 4076 ejus,
2427 4018 2476 4062 et
2504 4010 2636 4063 sicut
2665 4009 2831 4063 oleum
2869 4012 2922 4062 in
2947 4007 3149 4063 ossibus
3164 4009 3295 4077 ejus.
3324 4007 3446 4061 Fiat
3473 4008 3524 4063 ei

1987 4102 2119 4153 sicut
2168 4099 2524 4152 vestimentum
2563 4115 2660 4168 quo
2694 4101 2938 4167 operitur,
2976 4108 3022 4150 et
3065 4098 3197 4151 sicut
3241 4114 3393 4161 zona,
3420 4115 3522 4165 qua

1988 4204 2183 4258 semper
2224 4190 2576 4258 praecingitur.
2604 4188 2716 4243 Hoc
2754 4205 2878 4257 opus
2910 4204 3084 4242 eorum
3122 4190 3209 4257 qui
3248 4188 3522 4242 detrahunt

1990 4280 2114 4333 mihi
2138 4297 2171 4333 a
2200 4278 2440 4340 Domino,
2471 4292 2519 4333 et
2548 4280 2634 4349 qui
2663 4282 2939 4350 loquuntur
2973 4278 3114 4330 mala
3147 4278 3388 4331 adversus
3409 4277 3525 4329 ani-

1990 4385 2128 4427 mam
2156 4383 2342 4422 meam.
2376 4368 2831 4439 Cumpropbetia
2868 4367 2935 4420 de
2971 4382 3198 4435 persona
3235 4366 3533 4425 Salvatoris

352 4459 587 4527 πονηρὰ
628 4458 775 4512 κατὰ
825 4456 933 4525 τῆς
981 4456 1185 4525 ψυχῆς
1228 4475 1364 4526 μου.
1404 4459 1514 4527 Τῆς
1568 4460 1890 4530 προφητείας
1922 4440 2057 4515 ῧάὶι

1823 4461 1890 4520 ξας
1990 4458 2133 4513 dicat
2157 4459 2291 4525 :Qui
2336 4457 2685 4513 benediaerint
2707 4468 2753 4511 te
2781 4456 3025 4525 benedicti
3052 4466 3208 4518 sunt;
3234 4466 3281 4509 et
3306 4457 3392 4525 qui
3419 4472 3528 4509 ma-

353 4547 615 4617 λεγούσης
651 4548 729 4608 είς
748 4546 1031 4615 πρόσωπον
1054 4544 1145 4621 τοῦ
1168 4545 1412 4615 Σωτῆρος
1438 4562 1451 4574 ·
1490 4549 1553 4600 οὶ
1574 4546 1892 4615 εὐλογοῦν-

355 4639 453 4704 τές
474 4653 547 4691 σε
579 4638 948 4707 εὐλόγῂηνται,
983 4636 1081 4688 καὶ
1112 4638 1165 4689 οί
1193 4634 1584 4705 καταρώμενοι
1616 4653 1689 4689 σε
1725 4651 1894 4688 κεκα-

354 4726 656 4792 τήρανται,
689 4726 832 4785 ὅπως
858 4724 954 4793 μὲν
982 4724 1031 4775 οί
1053 4722 1171 4775 καθ’
1199 4722 1325 4793 ὅλης
1338 4723 1436 4792 τῆς
1460 4723 1776 4790 οἰκουμένης
1808 4720 1896 4773 τὸν

355 4817 486 4869 Θεὸν
514 4816 580 4867 δι’
600 4814 760 4867 αὐτοῦ
794 4812 1122 4880 ἐπιγνόντες,
1158 4812 1251 4865 καὶ
1288 4810 1663 4871 πιστεύσαντες
1696 4811 1774 4871 εἰς
1801 4808 1895 4862 αὐ-

356 4906 468 4966 τὸν,
497 4903 595 4972 τῆς
644 4904 707 4954 ὲκ
771 4904 902 4957 Θεοῦ
950 4900 1321 4965 καταξιοῦνται
1354 4897 1615 4965 εὐλογίας,
1655 4897 1728 4959 ὡς
1766 4896 1897 4966 πλη-

358 4990 534 5042 θύνειν
563 4991 653 5041 καὶ
675 4988 874 5053 αὔξειν,
893 4990 1067 5043 καὶτὰ
1090 4989 1377 5059 σύμπαντα
1402 4986 1632 5057 πληροῦν
1654 4986 1751 5054 τὴν
1770 4986 1899 5055 Χρι-

360 5080 484 5133 στοῦ
518 5080 856 5149 Ἐκκλησίαν,
877 5084 988 5143 τοῖς
1010 5084 1140 5135 πᾶσι
1166 5082 1419 5151 τυγχάνει
1442 5077 1701 5149 πρόδηλον
1724 5092 1737 5106 ο
1756 5077 1901 5139 ὅπως

358 5173 416 5226 δὲ
450 5174 707 5236 Ἰουδαῖοι,
734 5170 995 5241 ἀρώμενοι
1037 5173 1195 5226 αὐτὸν
1216 5174 1311 5224 καὶ
1348 5166 1779 5239 βλασφημοῦντες
1812 5167 1894 5235 ἐφ’

361 5262 593 5333 ἑκάστης
619 5263 844 5334 ἡμέρας,
875 5262 974 5329 τὴν
1013 5263 1077 5315 ὲκ
1098 5260 1231 5315 Θεοῦ
1277 5261 1514 5330 κατάραν
1560 5260 1638 5319 είς
1676 5257 1896 5318 ἑαυτοὺς

361 5353 716 5417 ἐπισπῶνται,
746 5351 839 5405 καὶ
873 5352 1026 5405 τοῦτο
1052 5352 1206 5421 δῆλον
1236 5350 1342 5404 ἀπὸ
1362 5350 1453 5402 τοῦ
1478 5349 1549 5419 μὴ
1574 5344 1701 5417 ἆραι
1729 5362 1897 5413 κεφα-

362 5445 481 5514 λὴν,
518 5446 647 5514 μηδὲ
708 5444 991 5499 ἀνανεῦσαι
1037 5446 1230 5508 αὐτοὺς
1274 5444 1379 5497 ἀπὸ
1425 5442 1533 5495 τῶν
1572 5441 1771 5511 χρόνων
1799 5442 1896 5510 τῆς

364 5532 505 5587 κατὰ
533 5534 625 5585 τοῦ
646 5536 889 5604 Σωτῆρος
918 5516 1069 5601 ἡμῶν
1100 5533 1403 5602 ἐπιϐουλῆς.
1888 5536 1891 5537 ⁷

436 5622 541 5676 Kal
566 5622 665 5684 σὺ,
710 5622 905 5689 Κύριε,
932 5622 1185 5687 ποίησον
1211 5624 1335 5689 μετ’
1385 5620 1526 5687 ἐμοῦ
1562 5619 1765 5673 ἕνεκεν
1796 5618 1900 5671 τοῦ

372 5712 654 5781 ὀνόματός
674 5724 808 5778 σου,
842 5710 927 5765 ὅτι
950 5710 1209 5779 χρηστὸν
1236 5711 1300 5764 τὸ
1326 5710 1493 5775 ἔλεός
1517 5725 1650 5763 σου.
1698 5707 1904 5765 Ῥὗσαί

445 5865 489 5895 ⁸⁸
527 5864 653 5918 Luc.
692 5878 774 5916 xix
802 5903 816 5930 ,
853 5863 938 5917 42.
1014 5863 1055 5898 ⁸⁸
1093 5859 1223 5929 Gen.
1262 5878 1434 5932 mm,
1471 5862 1566 5925 ‘29.,

1991 4548 2262 4604 ledixerint
2303 4558 2349 4603 te
2380 4548 2639 4623 maledicti
2677 4557 2796 4600 sunt
2819 4547 2899 4612 3’;
2951 4548 3219 4617 quomodo
3248 4545 3461 4616 quidem
3488 4546 3527 4601 ii

1993 4637 2085 4706 qui
2113 4638 2167 4690 in
2196 4643 2309 4691 toto
2340 4635 2469 4689 orbe
2513 4634 2673 4688 Deum
2716 4650 2809 4704 per
2836 4636 3009 4703 ipsum
3050 4639 3433 4704 cognoverunt,
3465 4646 3529 4684 ac

1995 4728 2049 4780 in
2088 4727 2260 4793 ipsum
2289 4724 2653 4787 crediderunt,
2694 4722 2787 4777 Dei
2816 4723 3185 4778 benedictione
3213 4722 3526 4790 dignentur;

1994 4819 2066 4872 ita
2081 4825 2138 4871 ut
2160 4815 2577 4884 multiplicemur
2595 4820 2648 4866 et
2665 4820 2979 4882 augeantur,
3005 4821 3058 4867 et
3076 4812 3312 4866 Ecclesia
3328 4809 3529 4865 Christi

1992 4910 2168 4965 omnia
2203 4891 2439 4977 impleat,
2497 4890 2771 4974 pr0palam
2804 4903 3053 4957 omnibus
3097 4908 3221 4955 est:
3264 4896 3536 4966 quomodo.

1993 5007 2170 5053 autem
2198 4995 2385 5058 Judaei,
2434 4995 2525 5064 qui
2577 4994 2630 5047 in
2679 4994 2853 5062 ipsum
2897 4992 3133 5063 quotidie
3162 4988 3440 5042 maledicta
3478 4996 3534 5040 et

1993 5088 2304 5158 blasphema
2330 5085 2495 5141 verba
2517 5084 2819 5154 proferunt,
2852 5082 2943 5138 Dei
2974 5079 3399 5135 maledictionem
3428 5077 3535 5130 sibi

1998 5181 2131 5249 ipsis
2180 5176 2475 5240 attrahant,
2506 5177 2664 5229 etiam
2714 5175 2815 5227 hoc
2863 5169 3200 5225 manifestum
3248 5174 3332 5222 est
3367 5181 3430 5219 ex
3466 5180 3533 5218 eo

1999 5268 2142 5338 quod
2171 5274 2331 5336 caput
2353 5282 2459 5321 non
2499 5267 2762 5328 attollant,
2795 5276 2966 5330 neque
3002 5265 3294 5327 emergant,
3323 5272 3388 5310 ex
3422 5270 3531 5324 quo

2001 5370 2240 5427 tempore
2270 5357 2530 5412 Salvatori
2565 5366 2748 5411 nostro
2770 5350 2996 5406 insidias
3028 5353 3353 5403 struxerunt.

2078 5611 2237 5666 Vens.
2266 5612 2454 5666 ﬁll-24.
2489 5609 2554 5662 Et
2590 5619 2662 5671 tu,
2699 5609 2929 5673 Domine,
2968 5607 3051 5675 [ac
3094 5618 3286 5656 mecum
3322 5583 3527 5669 propter

1984 5699 2190 5769 nomen
2221 5714 2383 5771 tuum,
2413 5704 2534 5773 quia
2576 5700 2751 5763 suavis
2794 5709 2868 5754 est
2914 5694 3266 5752 misericordia
3297 5704 3404 5747 tua.
3436 5691 3532 5755 ιι...
