4318 6430
817 508 960 571 1359

1522 508 1789 567 EUSEBII
1821 506 2296 566 CIESARIENSIS
2333 506 2480 561 OPP.
2518 503 2699 559 PARS
2734 503 2819 558 Ill.
2850 534 2916 545 —
2940 498 3351 556 EXEGETICA.

3886 496 4023 556 15ιο

811 622 932 675 bera
963 639 1063 687 me,
1088 622 1211 693 quia
1232 637 1418 692 egenus
1445 630 1493 674 et
1510 602 1709 691 pauper
1734 635 1825 690 ego
1847 635 1985 683 sum,
2012 627 2061 673 et
2083 634 2172 670 cor
2200 633 2366 671 meum

2461 632 2557 684 με,
2592 614 2680 668 ὅτι
2713 613 2943 683 πτωχὸς
2969 614 3064 668 καὶ
3088 612 3276 680 πένης
3297 609 3413 681 εἰμὶ
3440 609 3573 679 ἐγὼ,
3596 608 3694 664 καὶ
3731 609 3770 677 ἠ
3813 610 4024 677 καρδία

811 711 1179 765 conturbatum
1202 722 1277 766 est
1310 713 1453 765 intra
1476 724 1575 763 me.
1612 708 1761 763 Sicut
1786 708 1973 761 umbra
1994 724 2111 761 cum
2135 707 2362 761 declinat

813 801 1023 855 ablatus
1047 818 1183 867 sum,
1206 818 1453 858 excussus
1474 816 1588 855 sum
1620 800 1754 853 sicut
1782 799 2018 854 locustat.
2045 797 2224 853 Genua
2251 815 2364 852 mea

814 894 1081 962 inﬁrmata
1121 903 1242 959 sunt
1273 893 1545 964 ajejunio,
1590 905 1639 949 et
1674 909 1798 946 caro
1834 909 1949 951 mea
1979 893 2259 945 immutata
2287 900 2364 946 est

816 994 1019 1053 propter
1060 984 1251 1043 oleum.
1294 983 1426 1039 Cum
1475 984 1545 1039 de
1571 984 1872 1039 animarum
1918 992 2027 1037 tam
2071 982 2365 1053 prodiloris

816 1090 973 1143 quam
1021 1075 1399 1131 insidiatorum
1434 1074 1692 1145 pernicie,
1737 1089 1946 1131 necnon
1977 1074 2043 1130 de
2077 1074 2247 1128 totius
2271 1071 2367 1127 Ju-

815 1164 980 1221 daica:
1020 1166 1196 1236 gentis
1236 1163 1607 1234 repudiatione
1651 1164 1940 1219 admodum
1976 1164 2243 1220 sollicitus
2273 1164 2365 1231 sit,

816 1263 998 1325 utpote
1043 1255 1324 1310 hominum
1368 1270 1585 1319 amans;
1628 1270 1695 1310 se'
1725 1244 1921 1310 eorum.
1957 1269 2123 1311 causa
2158 1255 2365 1310 turbari

814 1344 1135 1413 profitetur:
1185 1360 1353 1415 quare
1395 1346 1491 1412 ait,
1539 1344 1610 1398 Et
1655 1362 1747 1398 cor
1784 1362 1953 1400 meum
1998 1346 2367 1403 conturbatum

814 1447 889 1491 est
920 1440 1062 1491 intra
1090 1453 1200 1494 me.-

883 1612 1043 1669 Vess.
1078 1613 1263 1669 25.29.
1298 1612 1364 1667 Et
1397 1630 1487 1685 ego
1510 1615 1682 1684 factus
1708 1631 1827 1670 sum
1856 1615 2198 1686 opprobrium
2220 1615 2366 1675 illis:

763 1696 769 1703 ’
818 1703 1057 1761 viderunt
1097 1721 1194 1767 me,
1241 1714 1289 1759 et
1333 1716 1598 1760 moverunt
1643 1707 1818 1775 capita
1855 1724 1972 1762 sua.
2020 1707 2224 1777 Adjuva
2260 1724 2364 1772 me,

818 1796 1039 1851 Domine
1067 1796 1205 1851 Deus
1236 1814 1397 1863 meus,
1425 1807 1474 1852 et
1502 1799 1706 1853 salvum
1730 1815 1811 1852 me
1831 1798 1917 1867 fac
1942 1798 2226 1852 secundum
2267 1798 2368 1850 mi-

819 1888 1156 1943 sericordiam
1183 1899 1349 1945 tuam.
1386 1889 1453 1943 Et
1483 1891 1651 1944 sciant
1675 1890 1798 1961 quia
1822 1906 2008 1943 manus
2038 1899 2130 1942 tua
2168 1889 2297 1954 hmo,
2319 1898 2369 1943 et

818 1988 900 2042 tu,
936 1976 1169 2042 Domine,
1200 1977 1369 2046 fecisti
1393 1995 1528 2033 eam.
1554 1976 1613 2031 In
1643 1977 2040 2032 resurrectione
2067 1974 2369 2039 amortuis,

818 2081 1014 2123 manus
1044 2067 1161 2134 Dei‘,
1189 2068 1244 2123 id
1271 2075 1358 2123 est
1407 2068 1748 2139 unigenitum
1780 2068 1899 2137 ejus
1931 2065 2187 2131 Verbum,
2216 2066 2372 2120 inno-

820 2158 945 2226 tuit,
985 2168 1039 2214 et
1076 2160 1124 2215 is
1166 2160 1259 2229 qui
1309 2159 1574 2215 hactenus
1622 2158 1871 2230 plurimis
1914 2157 2167 2221 latuerat,
2208 2171 2373 2226 appa-

821 2249 962 2314 ruit;
1003 2249 1220 2320 quando
1248 2264 1441 2320 nempe
1476 2251 1591 2320 ipse
1627 2249 1815 2305 volens
1842 2250 2094 2323 sustinuit
2138 2265 2369 2314 crucem,

820 2341 1125 2409 confusione
1156 2351 1450 2410 contempta
1486 2344 1555 2405 °°,
1587 2350 1748 2411 atque
1794 2341 1933 2395 idem
1972 2356 2171 2410 corpus
2213 2351 2371 2396 sultm

823 2432 1130 2497 suscitavit,
1158 2447 1282 2486 cum
1310 2416 1383 2486 sit
1413 2432 1633 2487 dextera
1675 2439 1727 2487 et
1755 2432 1928 2487 virtus
1948 2424 2155 2487 Patris.
2190 2431 2374 2487 Sciant

820 2522 1006 2593 igitur,
1038 2524 1132 2585 ait,
1168 2523 1290 2591 quia
1334 2538 1437 2575 mat
1468 2539 1522 2575 ts
1562 2531 1650 2573 tua
1694 2521 1823 2584 Ιιαιε,
1860 2538 2022 2591 quam
2064 2522 2373 2591 opprobriis

823 2621 876 2667 et
896 2614 1177 2667 cachinnis
1211 2612 1523 2677 traducunt,
1551 2622 1599 2665 et
1626 2622 1699 2678 tu,
1742 2612 1979 2677 Domine,
2011 2612 2183 2681 fecisti
2215 2630 2331 2669 eam
2354 2628 2372 2665 :

823 2702 967 2771 quod
1014 2702 1109 2755 tibi
1153 2702 1416 2772 placuerit
1448 2710 1509 2755 ut
1550 2716 1616 2756 ea
1646 2717 1843 2772 corpus
1873 2713 2193 2757 assumeret.
2234 2700 2370 2758 Nam

824 2809 1017 2848 manus
1060 2792 1154 2847 Dei
1188 2799 1272 2851 est
1310 2794 1429 2862 ejus
1473 2793 1647 2847 virtus
1683 2793 1923 2848 omnium
1953 2792 2217 2856 eﬂ‘ectrix,
2251 2807 2373 2861 quae

823 2899 933 2937 non
962 2884 1065 2938 alia
1096 2890 1180 2939 est
1224 2897 1256 2937 a
1303 2882 1394 2938 Dei
1445 2882 1642 2948 Verbo,
1676 2899 1772 2955 per
1813 2882 1958 2954 quod
2001 2886 2181 2937 omnia
2226 2882 2373 2941 facta

824 2982 972 3029 sunt.
1009 2973 1323 3029 Maledicent
1362 2974 1464 3038 illi,
1493 2985 1542 3029 et
1569 2984 1620 3028 tu
1647 2974 1933 3030 benedices.
1962 2975 2066 3041 Qui
2095 2977 2373 3044 insurgunt

820 3067 880 3122 in
908 3081 989 3121 me
1033 3066 1465 3136 confundantur:
1510 3084 1682 3122 servus
1724 3077 1895 3121 autem
1934 3076 2053 3122 tuus
2086 3066 2372 3122 lcetabitur.

825 3156 908 3212 Ad
956 3158 1099 3212 banc
1126 3174 1300 3228 usque
1345 3158 1487 3213 diem
1537 3166 1886 3229 perseverant
1914 3146 2086 3213 Judaei
2121 3155 2375 3213 Servato-

827 3263 941 3304 rem
977 3247 1307 3317 blasphemis
1336 3248 1497 3305 dictis
1524 3249 1815 3319 impetere:
1846 3256 1899 3302 at
1925 3250 2033 3304 illis
2060 3249 2374 3318 blasphema

2462 725 2581 779 μου
2635 706 2975 777 τετάρακται
3000 706 3171 771 ἐντός
3188 722 3325 774 μου.
3372 702 3526 758 Ὠσεί
3550 704 3697 756 σκιὰ
3728 702 3798 757 ἐν
3829 700 3909 767 τῷ
3930 704 4025 758 ἐκ·

2468 804 2665 860 κλῖναι
2714 800 2907 869 αὐτὴν
2948 798 3384 867 ἁντανῃρέθην,
3446 795 3833 865 ἐξετινάχθην
3883 794 4023 850 ὡσεί

2468 895 2724 965 ἀκρίδες.
2757 892 2835 947 Τὰ
2862 890 3080 963 γόνατά
3092 908 3209 959 μου
3223 889 3570 957 ήσθένησαν
3582 886 3700 943 ἀπὸ
3717 887 4024 955 νηστείας,

2470 988 2566 1043 καί
2600 988 2639 1054 ἠ
2676 985 2831 1054 σάρξ
2871 1001 2989 1054 μου
3020 982 3314 1052 ἠλλοιώθη
3360 981 3433 1035 δι’
3466 970 3688 1036 ἔλαιον.
3722 976 4028 1051 Φροντίζων

2472 1073 2598 1143 περὶ
2656 1072 2756 1141 τῆς
2809 1070 3078 1134 ἀπωλείας
3122 1070 3229 1123 τῶν
3286 1069 3470 1139 ψυχῶν
3513 1069 3711 1125 αὐτῶν.
3758 1066 3923 1121 αὐτοῦ
3965 1082 4028 1118 τε

2471 1163 2676 1218 ἐκείνου
2707 1162 2801 1216 τοῦ
2838 1160 3094 1233 προδότου
3134 1161 3229 1215 καὶ
3259 1160 3368 1214 τῶν
3411 1160 3510 1230 τὴν
3554 1159 3842 1229 ἐπιϐουλὴν
3879 1157 4025 1228 αύτῷ

2473 1253 3003 1322 συνεσκευασμένων,
3027 1250 3152 1323 περί
3172 1267 3230 1303 τε
3248 1250 3348 1320 τῆς
3366 1248 3633 1318 ἀποὸολῆς
3663 1249 3755 1303 καὶ
3774 1247 4026 1302 ἀποπτῶ-

2472 1362 2609 1409 σεως
2638 1344 2732 1397 τοῦ
2769 1344 2967 1407 παντὸς
3011 1340 3296 1397 Ἰουδαῖκοῦ
3325 1340 3529 1406 ἔθνους,
3563 1341 3920 1413 ταράττεσθαι
3949 1339 4027 1406 ὡς

2472 1436 2846 1507 φιλάνθρωπος
2871 1436 3007 1505 ὑπὲρ
3039 1434 3220 1487 αὐτῶν
3260 1434 3523 1509 ὁμολογεῖή
3557 1433 3648 1485 Διό
3674 1449 3822 1503 φησι·
3851 1433 3957 1489 Kal
3985 1434 4025 1505 ἡ

2471 1527 2681 1597 καρδία
2703 1546 2819 1597 μου
2845 1526 3189 1597 τετάρακται
3209 1526 3379 1591 ἐντός
3392 1544 3531 1596 μου.

2543 1617 2711 1685 Κάγὼ
2737 1616 3026 1687 ἐγενήθην
3050 1614 3277 1681 ὄνειδος
3299 1614 3521 1682 αὐτοῖς·
3542 1616 3789 1671 εἵδοσιίν
3796 1634 3894 1685 με,
3929 1615 4026 1671 και

2472 1707 2817 1763 ἐσάλευσαν
2853 1705 3119 1775 κεφαλὰς
3399 1705 3713 1774 Βοήθησόν
3752 1724 3876 1775 μοι,
3917 1705 4031 1759 Κύ-

2466 1817 2560 1869 ριε
2587 1800 2777 1865 ὀΘεός
2802 1816 2940 1869 μου,
2970 1781 3067 1852 7ιαί
3084 1796 3291 1853 σῶσόν
3406 1797 3557 1852 κατὰ
3585 1796 3651 1851 τὸ
3680 1797 3853 1863 ἔλεός
3890 1812 4027 1854 σου.

2475 1891 2585 1946 Καὶ
2605 1889 2943 1960 γνώτωσαν,
2975 1888 3063 1942 ὅτι
3089 1889 3128 1956 ή
3157 1888 3284 1959 χείρ
3310 1901 3423 1942 σου
3450 1887 3622 1955 αὕτη,
3647 1888 3745 1941 καί
3774 1887 3878 1952 σὺ,
3902 1887 4029 1942 Κύ-

2402 1974 2445 2033 Β
2464 1999 2578 2051 ριε,
2616 1982 2905 2049 ἐποίησας
2925 1980 3134 2049 αὑτήν.
3184 1980 3271 2033 Ἐν
3307 1982 3373 2050 τῇ
3414 1979 3479 2032 ὲκ
3503 1978 3707 2049 νεκρῶν
3741 1979 4032 2034 ἀναστάσει

2472 2074 2685 2144 γνωστὴ
2706 2075 2924 2142 γέγονεν
2944 2074 2976 2143 ἠ
2998 2072 3122 2143 χεὶρ
3144 2071 3237 2124 τοῦ
3268 2070 3425 2134 Θεοῦ,
3455 2069 3727 2124 τουτέστιν
3755 2073 3783 2125 ὁ
3804 2087 4031 2141 μονογε-

2472 2165 2566 2236 νὴς
2596 2165 2759 2219 αὑτοῦ
2784 2165 2973 2232 Λόγος,
3004 2164 3095 2217 καὶ
3118 2165 3146 2216 ὁ
3172 2163 3309 2225 τέως
3337 2162 3461 2226 τοὺς
3483 2160 3710 2226 πολλοὺς
3735 2162 4031 2230 λανθάνων,

2472 2254 2810 2326 ἐφανερώθη,
2848 2255 2923 2317 ὼς
2950 2254 3108 2317 αὐτὸς
3138 2252 3278 2307 ἑκὼν
3308 2252 3585 2323 ὑπέμεινε
3622 2254 3904 2324 σταυρὸν,
3942 2258 4031 2309 αι-

2472 2346 2706 2414 σχύνης
2748 2342 3223 2411 καταφρονήσας,
3269 2344 3362 2396 καὶ
3388 2344 3545 2407 αὐτὸς
3574 2344 3635 2397 τὸ
3684 2344 3875 2397 ἑαυτοῦ
3910 2345 4031 2399 ἀνέ-

2475 2454 2637 2509 στησε
2695 2436 2873 2507 σῶμα,
2914 2433 3062 2498 δεξιὰ
3108 2434 3201 2486 καὶ
3251 2434 3479 2504 δύναμις
3528 2433 3604 2487 ὣν
3656 2434 3750 2487 τοῦ
3797 2437 4028 2509 Πατρός.

2473 2528 2807 2583 Γνώτωσαν
2838 2526 3037 2591 τοίνυν,
3068 2525 3250 2595 φησὶν,
3285 2525 3371 2578 ὅτι
3394 2528 3432 2594 ἡ
3462 2526 3589 2600 χείρ
3618 2541 3733 2580 σου
3756 2526 3929 2594 αὕτη,
3968 2528 4035 2599 ἢν

2471 2618 2785 2681 ὀνειδίζουσι
2811 2618 2903 2669 καὶ
2929 2616 3262 2687 χλευάζουσι,
3286 2616 3381 2669 καὶ
3407 2602 3510 2680 σὺ,
3535 2618 3727 2685 Κύριε,
3744 2617 4035 2684 ἐποίησας

2476 2706 2681 2775 αὐτὴν,
2721 2705 2799 2777 τῷ
2836 2706 3119 2777 εύδοκῆσαι
3155 2706 3313 2777 σῶμα
3346 2707 3513 2778 αὐτὴν
3548 2706 3849 2760 ἀναλαϐεῖν.
3896 2706 4036 2781 Χεὶρ

2474 2796 2581 2867 γὰρ
2610 2795 2703 2848 τοῦ
2727 2794 2910 2866 Θεοῦή
2943 2796 3197 2866 ποιητικὴ
3232 2796 3480 2852 ἁπάντων
3498 2796 3723 2867 δύναμις
3741 2796 3922 2860 αὐτοῦ,
3937 2799 4036 2869 οὐχ

2475 2887 2634 2955 ἑτέρα
2656 2880 2787 2939 οὖσα
2798 2882 2889 2937 τοῦ
2915 2884 2981 2938 δι’
3009 2878 3068 2937 οὗ
3089 2884 3277 2953 γέγονε
3303 2885 3370 2938 τὰ
3387 2887 3561 2939 πάντα
3574 2886 3665 2939 τοῦ
3683 2886 3814 2940 Θεοῦ
3834 2887 4032 2955 Λόγου.

2474 2976 2919 3044 Καταράσονται
2942 2976 3130 3041 αὐτοὶ,
3165 2974 3261 3030 καὶ
3291 2976 3372 3030 σὺ
3409 2977 3777 3045 εὐλογήσεις.
3817 2981 3881 3031 Ol
3925 2978 4035 3031 ἐπ-

2475 3065 2857 3136 ανιστάμενοι
2872 3084 2970 3135 μοι
2988 3065 3501 3135 αἰσχυνθήτωσανθ
3530 3070 3562 3120 d
3586 3066 3652 3120 δὲ
3671 3068 3891 3134 δοῦλός
3918 3085 4034 3122 σου

2475 3158 2961 3227 εὐφρανθήσεται.
3020 3160 3195 3231 Μέχρι
3227 3164 3316 3213 καὶ
3376 3160 3612 3230 σήμερον
3660 3159 3936 3235 διέμειναν
3982 3160 4032 3229 οἰ

2493 3249 2728 3305 Ἰουδαῖοι
2771 3253 2888 3313 ταῖς
2928 3250 3068 3303 κατὰ
3098 3249 3193 3303 τοῦ
3220 3250 3468 3321 Σωτῆρος
3490 3248 3771 3322 χρώμενοι
3796 3249 4035 3327 βλασφη-

828 3337 1249 3410 prol'erentibus,
1285 3339 1617 3408 splendidior
1649 3338 1889 3409 quotidie
1915 3338 2230 3410 praedicatio
2253 3352 2380 3393 eva-

2442 3351 2447 3404 ;
2485 3340 2651 3411 μίαις·
2684 3340 2798 3393 ἀλλ’
2824 3341 3044 3395 ἐκείνων
3070 3341 3545 3412 βλασφημούντων,
3583 3340 4036 3412 περιφανέστερον

827 3426 1274 3485 diﬁ‘lnduantur
1304 3431 1394 3500 qui
1437 3430 1717 3485 detrahunt
1750 3426 1877 3484 mihi
1910 3430 2127 3499 pudore,
2173 3443 2223 3491 et
2263 3449 2381 3503 ope-

829 3520 1039 3573 riuntur
1060 3520 1193 3573 sicut
1222 3520 1452 3589 diploide
1475 3517 1787 3591 confusione
1806 3538 1923 3577 sua.
1954 3521 2123 3579 Judaei
2150 3540 2385 3595 namque

829 3617 952 3683 post
992 3610 1219 3666 insidias
1264 3611 1522 3668 adversus
1562 3612 1860 3678 Christum,
1911 3612 2005 3669 Dei
2052 3614 2384 3683 providentia

830 3700 1097 3766 destituti,
1132 3700 1338 3772 pudore
1366 3702 1685 3758 circumfusi
1714 3713 1840 3758 sunt
1869 3720 1883 3755 :
1926 3703 2173 3759 Salvator
2203 3701 2382 3761 autem

831 3800 887 3846 et
917 3790 1174 3847 Dominus
1200 3800 1385 3848 noster
1412 3793 1599 3847 latitia
1628 3793 1696 3849 ad
1726 3794 1830 3849 hoc
1858 3810 2031 3865 usque
2051 3803 2262 3866 tempus
2291 3798 2388 3850 im-

837 3883 1037 3953 pletur,
1081 3880 1321 3939 Ecclesia
1358 3898 1454 3953 per
1481 3890 1653 3939 totum
1699 3885 1886 3940 orbem
1918 3886 1973 3939 in
2010 3885 2228 3941 nomine
2265 3886 2385 3956 ejus

834 3970 1150 4033 antistitum.
1177 3974 1363 4029 Servus
1393 3986 1567 4030 autem
1593 3986 1711 4031 tuus
1745 3978 2031 4032 lastabitur.
2066 3977 2251 4047 Neque
2282 3978 2387 4033 alio

836 4047 999 4123 modo
1035 4071 1090 4119 et
1129 4065 1393 4119 sententia
1432 4068 1573 4122 servi
1622 4083 1819 4123 nomen
1864 4068 1952 4125 hic
1999 4068 2250 4139 accipere
2292 4084 2389 4124 ne-

833 4157 989 4210 c’esse
1009 4161 1126 4210 est:
1151 4154 1391 4209 divinum
1418 4157 1859 4227 quippePaulum
1882 4158 2132 4213 audimus
2161 4158 2275 4222 haec
2306 4158 2389 4212 di-

834 4248 1044 4303 centem
1077 4244 1454 4315 :Semetipsum
1487 4250 1770 4303 exin'anivit
1802 4250 2028 4317 formam
2074 4250 2208 4303 serui
2250 4251 2386 4303 acci-

836 4341 980 4406 piens
1009 4341 1090 4407 ";
1143 4342 1365 4411 ipseque
1389 4356 1485 4409 per
1512 4340 1704 4396 lsaiam
1736 4342 1969 4396 clamat:
2000 4342 2088 4407 Sic
2120 4341 2247 4394 dicit
2280 4338 2390 4395 Do-

748 4428 751 4433 ’
839 4431 1009 4499 minus
1046 4429 1389 4499 formansme
1417 4444 1481 4483 ea:
1509 4438 1653 4487 utero
1684 4419 1886 4483 servum
1918 4430 2019 4485 sibi
2050 4431 2115 4483 ".
2154 4428 2389 4491 lnduan-

840 4528 929 4571 tur
961 4522 1048 4589 qui
1083 4521 1359 4579 detrahunt
1391 4520 1516 4574 mihi
1560 4520 1774 4589 pudore,
1820 4527 1871 4576 et
1916 4508 2221 4589 aperiantur,
2255 4522 2388 4575 sicut

839 4609 1068 4678 diptoide
1096 4611 1397 4679 confusione
1415 4628 1531 4666 sua.
1561 4610 1673 4665 Hoc
1707 4620 1887 4666 autem
1915 4611 2147 4677 ediscas,
2177 4612 2223 4666 si
2253 4626 2385 4665 con-

2482 3430 2753 3502 ὁσημέραι,
2806 3431 2869 3484 τὸ
2934 3432 3193 3503 κήρυγμα
3249 3432 3474 3500 γίνεται.
3533 3429 4037 3486 Ἐνδυσάσθωσαν
4099 3452 4108 3460 ·

2483 3522 2537 3572 ol
2558 3518 3049 3585 ἑνδιαϐάλλοντές
3070 3537 3147 3587 με
3160 3518 3476 3587 ἐντροπὴν,
3498 3518 3594 3572 καὶ
3616 3516 4043 3586 περιϐαλέσθω-

2484 3627 2605 3667 σαν
2622 3610 2767 3665 ὡσεὶ
2796 3608 3072 3673 διπλοΐδα
3108 3610 3220 3677 τὴν
3257 3612 3558 3678 αἰσχύνην
3594 3606 3809 3663 αὐτῶν.
3839 3606 3905 3662 Ol
3929 3606 4051 3680 γὰρ

2497 3702 2736 3755 Ἰουδαῖοι
2771 3701 2909 3771 μετὰ
2940 3701 3039 3770 τὴν
3075 3701 3214 3753 κατὰ
3246 3699 3478 3772 Χριστοῦ
3511 3699 3818 3771 ἐπιϐουλὴν,
3843 3698 4039 3770 ἔρημοι

2484 3795 2583 3862 τῆς
2601 3792 2695 3846 τοῦ
2727 3794 2861 3846 8εού
2898 3792 3201 3869 ἐπισκοπῆς
3254 3793 3550 3862 γενόμενοι,
3590 3793 3847 3863 αἰσχύνην
3888 3807 4043 3861 περι-

2487 3883 2754 3939 εόἀλοντο·
2800 3886 2830 3938 ο
2854 3884 2930 3943 ,δι
2960 3883 3148 3955 Σωτὴρ
3177 3883 3269 3939 καὶ
3302 3882 3501 3952 Κύριος
3530 3882 3683 3951 ἡμῶν
3708 3882 4055 3953 εὐφροσύνης,

2486 3976 2650 4028 εἰσέτι
2683 3992 2776 4039 και
2804 3991 2897 4029 νυν
2941 3974 3260 4047 πληροῦται,
3311 3973 3397 4031 διὰ
3445 3973 3537 4027 τοῦ
3573 3972 3829 4044 ὀνόματος
3876 3973 4043 4028 αὑτοῦ

2487 4068 2604 4121 καθ’
2632 4067 2759 4139 ὅλης
2804 4068 2902 4137 τῆς
2955 4068 3274 4139 οἰκουμένης
3306 4067 3649 4138 καθεστώσης
3701 4065 4037 4137 Ἐκκλησίας.

2499 4161 2561 4212 '0
2576 4160 2642 4213 δὲ
2672 4159 2889 4224 δοῦλός
2904 4174 3017 4216 σου
3039 4158 3526 4229 εὐφρανθήσεται.
3553 4158 3684 4211 Οὐδὲ
3713 4156 3869 4211 τοῦτο
3894 4159 4040 4229 ἡμᾶς

2486 4248 2548 4303 τὸ
2598 4249 2748 4319 ῥῆμα
2804 4249 2984 4309 λαϐεῖν
3044 4250 3124 4310 εἰς
3184 4250 3372 4319 ἑτέραν
3424 4249 3674 4302 ὑπόθεσιν
3725 4250 4037 4317 ἀναγκάσειτ

2480 4338 2756 4408 ἀκούομεν
2800 4338 2907 4409 γὰρ
2936 4338 3029 4390 καὶ
3074 4337 3165 4391 τοῦ
3195 4338 3475 4391 θεσπεσίου
3518 4338 3725 4391 Παύλου
3772 4339 4039 4407 λέγοντος,

2487 4432 2568 4485 ὃτι
2604 4429 2851 4485 Ἑαυτὸν
2871 4429 3146 4495 ὲκένωσε,
3182 4428 3421 4505 μορφὴν
3460 4429 3680 4491 δούλου
3703 4428 3918 4491 λαϐών-θ
3948 4430 4044 4490 καὶ

2488 4521 2647 4583 αὐτὸς
2699 4518 2756 4573 δὲ
2798 4520 2887 4573 διὰ
2940 4521 3159 4574 Ἡσαΐου
3220 4519 3337 4591 βοᾷο
3403 4520 3574 4573 Οὕτω.
3619 4519 3782 4593 λέπει
3830 4521 4044 4587 Κύριος

2490 4616 2523 4667 ό
2552 4610 2793 4676 πλάσας
2812 4628 2886 4680 με
2916 4612 2984 4663 ἐκ
3010 4611 3241 4675 κοιλίας
3266 4610 3487 4665 δοῦλον
3512 4608 3719 4673 ἐαυτῷ.
3764 4608 4046 4665 Ἐνδυσά-

843 4700 1048 4756 sideres
1068 4716 1173 4769 qua
1198 4710 1375 4757 mente
1409 4702 1518 4775 sint
1543 4700 1733 4768 Judaei,
1778 4708 2023 4759 videntes
2050 4703 2266 4773 quidem
2284 4718 2389 4757 ve-

2442 4700 2465 4752 )
2493 4707 2735 4757 σθωσαν
2766 4705 2823 4757 ol
2848 4699 3339 4765 ἐνδιαϐάλλοντές
3369 4717 3445 4768 με
3473 4698 3910 4767 ἐντροπὴν,,καί
3940 4718 4045 4757 κε-

844 4792 1083 4846 neranda
1116 4802 1168 4846 et
1197 4802 1381 4847 sancta
1413 4809 1510 4848 sua
1540 4794 1783 4852 funditus
1810 4796 2017 4864 deleta;
2062 4796 2209 4852 illius
2239 4810 2386 4857 vero,

843 4885 934 4952 qui
962 4885 1031 4939 ab
1069 4885 1201 4955 ipsis
1245 4885 1541 4953 ignominia
1590 4887 1845 4955 atl'ectus,‘
1868 4904 1935 4942 ac
1976 4890 2033 4943 in
2074 4902 2292 4943 crucem
2338 4894 2392 4940 et

844 4984 1070 5031 mortem
1116 4977 1345 5030 traditus
1378 4986 1481 5044 est,
1516 4982 1819 5049 sepulcrum
1850 4980 2035 5035 studio
2072 4988 2127 5035 et
2164 4978 2390 5035 honori-

844 5067 946 5121 bus
978 5068 1269 5133 celebrari;
1302 5067 1572 5125 Ecclesias
1606 5088 1733 5128 vero
1760 5088 1881 5142 qua:
1916 5072 2035 5143 ejus
2058 5074 2257 5131 virtute
2292 5088 2391 5143 per

846 5162 1015 5207 totum
1064 5156 1245 5209 orbem
1274 5149 1511 5213 fundatae
1555 5169 1681 5213 sunt
1718 5162 1772 5215 in
1816 5162 1934 5217 dies
1975 5152 2284 5217 accrescere
2326 5178 2391 5217 ac

848 5242 1216 5311 multiplicari,
1251 5260 1316 5299 ac
1346 5262 1466 5300 cum
1495 5247 1664 5317 gloria
1695 5251 2017 5318 promoveri.
2044 5249 2168 5305 Haec
2195 5251 2393 5323 quippe

845 5335 985 5402 ipsis
1006 5334 1180 5388 oculis
1203 5345 1485 5393 cernentes
1510 5338 1703 5403 Judaei,
1727 5342 1816 5409 qui
1853 5356 1962 5395 non
1991 5342 2312 5396 confusione
2337 5349 2391 5397 et

854 5424 1053 5503 pudore
1081 5423 1273 5476 merito
1306 5424 1632 5482 induantur?

2485 4792 2937 4861 ριϐαλέσθωσαν
2959 4778 3038 4858 ὡς
3062 4790 3337 4851 διπλοΐδα
3367 4790 3478 4858 τὴν
3507 4791 3804 4859 αἰσχύνην
3824 4792 4039 4848 αὐτῶν.

2494 4885 2603 4937 Καὶ
2627 4883 2784 4937 τοῦτο
2813 4883 3003 4955 μάθοις
3032 4882 3107 4937 ἂν.
3126 4883 3419 4953 ἐπιστήσας
3453 4881 3603 4955 ποίας
3638 4882 3745 4954 ἄρα
3779 4882 4043 4944 Ἰουδαίων

2494 4975 2677 5039 παῖδες
2721 4977 3007 5046 κέκτηνται
3044 4974 3275 5037 διανοίας
3321 4972 3551 5044 ὁρῶντες
3596 4973 3665 5027 τὰ
3713 4973 3810 5045 μὲν
3837 4975 4040 5027 ἑαυτῶν

2495 5066 2667 5136 σεμνὰ
2694 5068 2784 5120 καὶ
2811 5065 2941 5135 ἅγια
2972 5068 3035 5121 ὲκ
3063 5064 3276 5137 βάθρων
3300 5065 3659 5135 ὴφανισμένα,
3691 5064 3784 5119 τοῦ
3815 5065 3871 5117 δὲ
3907 5067 4039 5137 πρὸς

2495 5159 2670 5211 αὐτῶν
2698 5160 2888 5230 ἀτιμίᾳ
2917 5159 3346 5230 περιϐληθέντος,
3383 5158 3594 5229 σταυρῷ
3627 5176 3685 5212 τε
3714 5160 3806 5215 καὶ
3829 5158 4041 5230 θανάτῳ

2497 5248 2906 5319 παραδοθέντος,
2958 5250 3019 5303 τὸ
3071 5252 3168 5321 μὲν
3192 5248 3285 5302 τοῦ
3315 5248 3540 5302 θανάτου
3571 5249 3758 5319 μνῆμα
3789 5247 4040 5312 σπουδαῖς

2495 5356 2553 5391 τε
2586 5339 2678 5392 καὶ
2718 5339 3045 5411 φιλοτιμίαις
3072 5338 3448 5411 τετιμημένον,
3482 5338 3576 5402 τὰς
3614 5338 3672 5393 δὲ
3710 5334 3798 5393 διὰ
3822 5339 3918 5408 τῆς
3945 5339 4039 5391 αύ-

2492 5430 2585 5483 τοῦ
2616 5430 2890 5500 δυνάμεως
2936 5430 3053 5484 καθ’
3085 5430 3211 5501 ὅλης
3239 5430 3336 5499 τῆς
3375 5430 3695 5500 οἰκουμένης
3740 5429 4039 5500 ἰδρυθιίσας

862 5512 1177 5582 Ἐκκλησίας
1206 5515 1464 5581 αύξούσας
1483 5520 1767 5590 ὁσημέραι,
1800 5522 1894 5575 καὶ
1926 5519 2313 5589 πληθυνούσας,
2341 5523 2434 5575 καὶ
2457 5522 2535 5575 ἔτι
2566 5521 2702 5593 μετὰ
2743 5522 2897 5591 δόξης
2923 5520 3234 5592 προϊούσας.
3284 5519 3465 5574 Ταῦτα
3502 5519 3609 5589 γὰρ
3652 5518 3880 5588 ὁρῶντες
3939 5521 4049 5591 ὸφφ.

855 5601 1075 5671 θαλμοῖς
1109 5606 1370 5660 Ἰουδαίων
1398 5611 1598 5677 παῖδες,
1629 5612 1745 5676 πῶς
1774 5614 1872 5665 οὐκ
1907 5613 2169 5685 ἐντροπὴν
2192 5616 2281 5667 καὶ
2307 5613 2564 5684 αἰσχύνην
2595 5614 2815 5676 εἰκότως
2844 5612 3282 5685 περιδάλλονται;

926 5692 1087 5749 Vsus.
1121 5697 1305 5751 50-31.
1338 5698 1629 5769 Conﬁtebor
1647 5704 1866 5759 Domino
1887 5705 2041 5759 nimis
2067 5705 2121 5758 in
2136 5722 2224 5760 ore
2248 5723 2381 5769 meo,

855 5791 899 5833 et
948 5782 997 5833 in
1045 5786 1210 5840 medio
1240 5789 1520 5843 multorum
1563 5792 1790 5847 laudabo
1826 5810 1963 5857 eum,
1991 5796 2112 5863 quia
2159 5797 2327 5849 astitit
2355 5813 2388 5849 a

2576 5706 3115 5777 Ἐξομολοτήσομαι
3138 5702 3217 5768 τῷ
3238 5703 3427 5770 Κυρίῳ
3454 5700 3684 5770 σφόδρα
3712 5702 3781 5757 ἐν
3811 5704 3891 5770 τῷ
3903 5707 4015 5759 στό

2488 5799 2628 5866 ματι
2646 5815 2783 5866 μου,
2808 5796 2905 5851 καί
2929 5798 2998 5851 ὲν
3020 5795 3187 5866 μέσῳ
3207 5792 3448 5848 πολλῶν
3476 5791 3691 5848 αἰνέσω
3719 5796 3920 5850 αὐτόν·
3949 5795 4038 5854 ὅτι

922 5898 966 5929 ⁸⁸
1009 5896 1167 5955 Hebr.
1204 5918 1309 5960 xu.
1342 5903 1395 5959 2.
1470 5906 1514 5976 ἓ*
1559 5904 1785 5971 Philipp.
1822 5923 1895 5969 ιι,
1932 5909 1984 5965 7.
2059 5911 2104 5942 ’³
2146 5908 2225 5967 lsa
2284 5927 2401 5969 xm
2427 5951 2441 5977 ,
2478 5914 2527 5966 5.
