4318 6396
304 515 427 575 1541

1361 504 1857 562 COMMENTARIA
1896 503 1961 557 IN
1995 503 2323 558 PSALMOS.

2414 464 2443 479 ο

3347 498 3478 554 15όὲ

300 619 641 689 ιαρέστηὲκ
676 619 885 686 δεξιῶν
916 621 1185 687 πένητος,
1226 619 1329 673 τοῦ
1369 619 1562 673 σῶσαι
1605 621 1671 673 ἐκ
1726 622 1843 673 τῶν
1872 625 1913 678 Α
1943 620 2005 673 de

1872 625 1913 678 Α
1943 620 2135 673 dextris
2167 617 2428 688 pauperis,
2455 625 2512 669 ut
2545 616 2746 669 salvam
2775 615 2966 685 faceret
3004 630 3035 668 a
3066 614 3477 687 persequentibus
3572 602 3575 606 ’

299 710 769 765 cacat?me
802 711 914 779 τὴν
933 710 1140 779 ψυχήν
1152 726 1289 777 μου.
1327 709 1592 763 Πολλῶν
1625 710 1783 762 τίνων
1810 710 1841 780 ῆ

300 800 511 857 πάντων
530 802 637 857 τῶν
660 804 739 866 εἰς
769 803 925 856 αὑτὸν
957 801 1390 854 πεπιστευκότων
1415 800 1600 865 ἐθνῶν,
1626 802 1715 854 καὶ
1739 802 1843 854 τῶν

299 891 416 946 καθ’
466 892 594 963 ὅλης
622 877 721 962 τῆς
755 891 1072 962 οἰκουμένης
1098 890 1466 961 Ἐκκλησιῶν;
1518 891 1686 953 Αὐτὸς
1738 893 1843 963 γάρ

299 984 443 1037 ἑστιν
465 983 495 1035 6
516 982 701 1037 εἰπών’
726 984 905 1037 Ὅπου
932 982 1040 1035 δύο
1054 981 1091 1050 ἢ
1109 982 1262 1050 τρεῖς
1280 984 1640 1051 συνηγμένοι
1668 983 1737 1035 ἐν
1764 982 1845 1047 τῷ

298 1074 539 1143 ὀνόματι
565 1091 701 1142 μου,
754 1073 883 1126 ἐκεῖ
931 1076 1046 1141 εἰμι
1074 1073 1142 1125 ὲν
1176 1070 1341 1141 μέσῳ
1367 1071 1580 1125 αὐτῶν.
1607 1073 1695 1125 Διὸ
1721 1074 1840 1125 καθ’

298 1162 422 1233 ὕλης
465 1162 561 1233 τῆς
584 1162 901 1233 οἰκουμένης
932 1164 989 1215 ὲν
1028 1161 1172 1231 μέσῳ
1200 1160 1304 1213 τῶν
1334 1161 1664 1232 Ἐκκλησιῶν
1695 1162 1844 1232 παρὰ

299 1251 389 1304 τοῦ
420 1252 620 1323 Κυρίου
643 1252 718 1321 τῷ
746 1252 921 1323 Πατρὶ
949 1252 1173 1321 μεγίστη
1228 1251 1468 1322 πρόεισιν
1505 1252 1839 1322 εὐχαριστία.

678 1346 965 1399 ΨΑΛΜΟΣ
993 1348 1077 1415 ’Ῑᾩ
1110 1346 1322 1399 ΔΑΥΙΔ.
1347 1345 1467 1401 ΡΘ’.

367 1432 553 1488 Elter
578 1436 612 1487 ό
634 1436 845 1503 Κύριος
862 1434 941 1499 τῷ
964 1437 1153 1503 Κυρίῳ
1174 1452 1310 1504 μου·
1329 1434 1526 1490 Κάθου
1551 1437 1617 1488 ἐκ
1633 1435 1841 1501 δεξιῶν

298 1538 430 1587 μου,
465 1521 575 1587 ἕως
598 1522 674 1577 ἂν
699 1523 779 1578 θῶ
799 1523 937 1589 τοὺς
961 1523 1208 1591 ἐχθρούς
1233 1539 1347 1578 σου
1378 1525 1702 1579 ὑποπόδιον
1727 1523 1841 1578 τῶν

298 1608 496 1663 ποδῶν·
517 1625 651 1664 σου.
686 1612 893 1683 Σφόδρα
916 1613 1114 1684 ἀκριΒῆ
1150 1613 1241 1666 καὶ
1271 1614 1443 1685 ἀληθῆ
1475 1614 1627 1683 λόγον
1646 1615 1840 1685 ἐπεση-

301 1699 503 1769 μήνατο
526 1702 555 1753 6
600 1701 785 1771 Σωτὴρ
817 1701 971 1772 ἡμῶν
1012 1702 1260 1773 είρηκώς·
1315 1707 1385 1757 Et
1416 1700 1527 1759 οὖν
1573 1705 1750 1758 Δαυῒδ
1775 1706 1842 1758 ἐν

298 1792 587 1859 πνεύματι
626 1791 793 1845 καλεῖ
836 1791 1018 1846 αὐτὸν
1047 1794 1284 1859 Κύριον,
1336 1792 1460 1860 πῶς
1502 1795 1629 1861 υἱὸς
1657 1794 1840 1848 αὑτοῦ

298 1881 499 1944 eorm;
527 1881 588 1933 οὐ
618 1881 726 1951 γὰρ
759 1882 910 1945 ἐκτὸς
936 1880 1246 1951 Πνεύματος
1290 1884 1443 1951 ἁγίου
1470 1879 1580 1947 οἶός
1608 1902 1667 1936 τε
1700 1880 1767 1955 ἦν
1811 1886 1839 1937 6

298 1972 454 2026 Aau't8
475 1975 645 2028 εἰπεῖν
666 1974 743 2027 τό’
762 1970 943 2028 Εἷπεν
964 1978 997 2029 ό
1026 1977 1239 2044 Κύριος
1268 1974 1345 2039 τῷ
1363 1977 1554 2043 Κυρίῳ
1566 1994 1701 2045 μου”
1727 1975 1839 2031 Κά-

297 2068 402 2119 θου
428 2064 496 2117 ἐκ
512 2063 722 2129 δεξιῶν
732 2082 869 2135 μου.
896 2064 1062 2120 Πόθεν
1086 2065 1193 2137 γὰρ
1214 2068 1388 2137 παρῆν
1414 2056 1730 2138 ἀνθρωπίνῳ
1753 2067 1837 2121 λο-

297 2154 521 2223 γισμῴή
556 2154 805 2225 γνῶσιςή
832 2154 926 2207 τοῦ
944 2154 1153 2225 Πατρὸς
1181 2154 1313 2227 πρὸς
1345 2156 1432 2207 τὸν
1462 2155 1836 2227 ὠνομασμένον

296 2242 457 2309 αὐτοῦ
482 2242 682 2313 Κύριον
726 2243 1082 2311 κοινολογίαςς
1113 2228 1180 2295 ’Ὁ
1238 2243 1333 2314 μὲν
1383 2239 1475 2297 οὖν
1506 2243 1687 2316 θρόνος
1738 2246 1837 2316 τὴν

296 2329 571 2399 βασιλικὴν
602 2329 764 2381 αὐτοῦ
791 2329 942 2393 ἀξίαν
968 2332 1381 2401 κατασημαίνει,
1414 2333 1446 2402 ή
1471 2331 1751 2395 δὲκάθισις
1778 2334 1838 2386 τὸ

296 2419 506 2495 βέϐαιον
524 2420 614 2472 καὶ
638 2418 841 2489 ἑδραῖον
866 2419 958 2472 καὶ
985 2419 1273 2491 ἀσάλευτον
1305 2421 1403 2490 τῆς
1432 2422 1487 2473 ὲν
1502 2424 1563 2489 τῇ
1597 2421 1837 2492 βασιλείᾳ

296 2510 566 2580 διαμονῆς·
594 2510 653 2562 τὸ
698 2510 774 2577 δὲ,
822 2511 890 2564 ἐκ
937 2509 1165 2575 δεξιῶν,
1210 2506 1346 2569 εῖναι
1393 2512 1485 2568 καὶ
1532 2511 1715 2579 δεξιῶν
1744 2510 1835 2565 τοῦ

297 2601 504 2671 Πατρὸς
543 2601 873 2673 δωρημάτων
903 2602 1168 2672 κοινωνόν.
1204 2603 1383 2655 Πάντα
1426 2603 1533 2673 γὰρ
1571 2602 1639 2656 τὰ
1668 2602 1834 2669 δεξιὰ,

295 2693 494 2764 φαιδρᾶ
518 2710 576 2745 τε
604 2695 696 2746 καὶ
725 2693 900 2761 ἀγαθὰ
928 2696 1018 2747 καὶ¹
1041 2696 1278 2766 σωτήρια
1303 2699 1525 2767 χορηγεῖ
1552 2698 1579 2749 6
1606 2697 1731 2759 Υἱὸς
1761 2697 1835 2762 ὡς

295 2782 443 2859 παρὰ
465 2782 688 2853 Πατρός.
741 2783 991 2852 Ἐχθροὺς
1012 2784 1067 2837 δὲ
1102 2786 1231 2854 φησί
1262 2780 1383 2848 τοὺς
1414 2785 1500 2839 διὰ
1519 2786 1611 2849 τοῦ
1642 2804 1834 2861 προτε-

296 2872 559 2941 ταγμένου
588 2870 796 2940 ψαλμοῦ
827 2872 1235 2943 δεδηλωμένους
1266 2877 1358 2928 καὶ
1399 2876 1457 2929 οὐ
1493 2876 1669 2947 μόνον,
1703 2878 1836 2932 ἀλλὰ

296 2962 387 3012 καὶ
430 2961 606 3023 πάσας
651 2961 747 3024 τὰς
780 2963 1147 3033 ἀντικειμένας
1185 2964 1452 3036 δυνάμεις.
1495 2967 1704 3031 Πάντας
1731 2968 1837 3039 γὰρ

297 3048 397 3100 ὑπὸ
426 3048 547 3111 τοὺς
596 3048 757 3113 πόδας
789 3051 946 3103 αὑτοῦ
985 3052 1167 3122 θήσειν
1193 3057 1221 3108 6
1265 3056 1448 3125 Πατὴρ
1471 3056 1834 3124 διαγγέλλεται

296 3136 381 3217 διὰ
410 3138 502 3190 τοῦ
535 3142 887 3217 προκειμένου
910 3141 1141 3217 ψαλμοῦ,

377 3310 621 3365 Ῥἀδδον
647 3312 945 3381 δυνάμεως
963 3312 1350 3379 ἐξαποστελεῖ
1364 3319 1572 3388 Κύριος
1586 3324 1652 3375 ἐκ
1666 3321 1834 3387 Σιὼν,

294 3401 395 3455 καί
422 3406 805 3473 κατακυρίευε
864 3408 941 3471 ἐν,
951 3408 1115 3476 μέσῷ
1141 3408 1256 3462 τῶν
1284 3409 1509 3479 ἐχθρῶν
1542 3428 1675 3467 σου.
1720 3415 1838 3468 Ῥά-

294 3489 419 3541 6δον
445 3490 721 3561 δυνάμεως
739 3494 794 3546 ὲν
813 3495 1015 3559 τούτοις
1040 3496 1169 3566 ήγοῦ
1176 3515 1272 3568 μαι
1292 3499 1378 3551 τὸν
1392 3486 1732 3569 εὖαγγελικδν
1754 3502 1840 3556 λό-

294 3595 391 3647 γον
427 3581 692 3651 είρῆσθαι.
731 3582 1042 3661 Ἑπίστησον
1062 3586 1116 3637 δὲ
1144 3587 1345 3655 μήποτε
1378 3589 1496 3641 καθ’
1524 3590 1704 3661 ἕτερον
1724 3593 1838 3663 τρό.

295 3685 397 3720 πον
431 3669 621 3739 ῥάϐδος
646 3670 922 3739 δυνάμεως
958 3673 1167 3743 εἰρηται
1206 3674 1435 3729 ἐνταῦθα
1472 3679 1504 3748 ἡ
1531 3681 1587 3731 ὲν
1614 3678 1691 3749 τῷ
1720 3680 1837 3734 δευ-

294 3758 435 3828 τέρῳ
472 3758 666 3832 ψαλμῷ
695 3758 998 3831 κεκλημένη
1040 3762 1227 3832 ράὃδος
1270 3765 1478 3838 σιδηρᾶ.
1521 3769 1579 3821 '0
1605 3768 1701 3839 μὲν
1745 3768 1835 3825 οὖν

292 3848 638 3916 εὑαγγελικὸς
676 3850 847 3919 λόγος,
893 3853 921 3903 ό
948 3853 1043 3922 τῆς
1083 3854 1174 3906 τοῦ
1226 3857 1469 3927 Σωτῆρος
1498 3858 1651 3928 ήμῶν
1684 3860 1836 3916 δυνά-

296 3954 459 4006 μεως,
487 3939 579 3991 καὶ
608 3942 703 4010 τῆς
722 3942 840 3994 κατ’
866 3943 1024 3995 αὑτὸν
1052 3946 1354 4015 οἰκονομίας
1372 3947 1777 4015 ἀπαγγελτικδς,
1802 3954 1834 4021 ἡ
1866 3952 1869 3953 ⁷

294 4026 609 4099 παιδευτικὴ
641 4031 732 4083 καὶ
776 4032 1034 4101 σωτήριος
1063 4035 1144 4102 είη
1186 4034 1250 4085 ἂν
1297 4035 1503 4105 ῥάϐδος·
1535 4038 1568 4106 ή
1600 4036 1655 4090 δὲ
1697 4040 1835 4092 κατὰ

294 4118 399 4169 τῶν
434 4119 637 4189 ἐχθρῶν
673 4121 960 4173 αὐτοῦ’καὶ
992 4123 1257 4192 πολεμίοιν
1278 4124 1377 4191 τῆς
1412 4126 1571 4178 αὐτοῦ
1612 4128 1833 4199 Ἐκκλη-

293 4207 412 4269 σίας
448 4209 794 4279 καθαιρετικὴ
844 4210 1101 4279 λεγομένη
1141 4212 1350 4282 σιδηρᾶ,
1383 4213 1447 4265 δι’
1481 4210 1546 4284 ἧς
1571 4215 1644 4279 ὡς
1666 4219 1831 4288 σκεύη

293 4298 573 4368 κεραμέως
610 4301 909 4368 συντρίψειν
957 4300 1167 4368 λέγεται
1209 4306 1338 4367 τοὺς
1379 4307 1598 4377 ἐχθροὺς
1650 4309 1827 4362 αὐτοῦ.

303 4388 451 4440 Ἐπεὶ
462 4388 635 4441 τοίνυν
658 4390 685 4440 6
710 4390 935 4458 Χριστὸς
950 4391 1046 4453 τὰς
1066 4388 1382 4461 Ἐκκλησίας
1397 4396 1555 4449 αὑτοῦ
1574 4398 1630 4450 ὲν
1645 4400 1831 4468 μέσαις

293 4479 407 4541 ταῖς
439 4479 621 4531 πόλεσι
648 4479 739 4531 καὶ
771 4480 827 4531 ὲν
863 4481 1039 4542 αὐτοῖς
1073 4481 1253 4549 μέσοις
1278 4484 1449 4560 ἔθνεσι
1478 4488 1675 4557 μεταξὺ
1723 4470 1829 4545 τῶν

1945 714 2175 765 animam
2216 724 2401 762 meam.
2435 706 2725 761 Hunorum
2760 722 2785 767 ε,
2815 719 3040 775 quorum
3086 704 3191 757 nisi
3239 704 3477 758 omnium

1943 802 2179 871 gentium
2211 814 2330 869 qua:
2359 800 2411 851 in
2446 798 2619 867 ipsum
2650 790 3011 856 crediderunt,
3037 800 3088 847 et
3118 792 3478 849 Ecclesiarum

1943 906 2063 959 quae
2089 890 2141 943 in
2180 895 2292 941 toto
2316 887 2446 941 orbe
2485 885 2647 940 sunt?
2672 883 2789 953 Ipse
2816 895 3046 950 namque
3080 888 3163 935 est
3190 879 3282 949 qui
3308 879 3475 933 dixit:

1948 981 2045 1034 Ubi
2074 980 2178 1037 duo
2216 979 2291 1032 vel
2332 986 2432 1032 tres
2472 976 2767 1044 congregati
2798 974 2991 1042 fuerint
3022 972 3075 1025 in
3114 972 3318 1031 nomine
3344 988 3477 1034 meo,

1942 1072 2013 1125 ibi
2038 1088 2154 1125 sum
2182 1072 2233 1125 in
2259 1068 2424 1123 medio
2456 1083 2634 1139 eorum
2664 1066 2728 1117 °'.
2757 1064 2876 1119 Ideo
2897 1080 2990 1134 per
3011 1069 3178 1118 totum
3203 1060 3386 1115 orbem
3421 1059 3477 1119 in

1940 1162 2117 1215 medio
2162 1160 2525 1225 Ecclesiarum
2577 1149 2783 1226 magna:
2836 1170 2867 1210 a
2913 1154 3141 1209 Domino
3186 1152 3479 1223 gratiarum

1940 1254 2181 1307 actiones
2215 1238 2359 1304 Pat'ri
2391 1250 2726 1304 emittuntur.

2247 1335 2566 1392 PSALMUS
2604 1336 2729 1390 lPSl
2769 1333 2995 1387 DAVID.
3034 1332 3167 1388 CIX.

2009 1430 2173 1486 Vens.
2197 1430 2250 1495 ‘l,
2267 1430 2320 1482 2.
2343 1429 2487 1481 Dixit
2511 1424 2760 1481 Dominus
2776 1428 2995 1480 Domino
3019 1442 3129 1479 meo
3150 1440 3168 1477 :
3192 1422 3322 1479 Sede
3348 1438 3380 1475 ιι
3400 1420 3485 1475 de-

1938 1520 2071 1572 ιιι-ξε
2094 1518 2241 1580 meis,
2274 1516 2432 1569 donec
2470 1530 2658 1582 ponam
2687 1516 2923 1569 inimicos
2952 1523 3065 1567 tuo:
3092 1511 3371 1566 scabeltum
3392 1526 3477 1579 pe-

1938 1609 2061 1662 dum
2091 1617 2316 1660 tuorum.
2349 1604 2461 1658 Hoc
2507 1603 2710 1657 dictum
2741 1603 2895 1657 valde
2940 1608 3250 1655 accuratum
3296 1614 3359 1654 ac
3390 1616 3479 1653 ve—

1939 1713 2055 1752 rum
2078 1712 2200 1753 esse
2229 1695 2475 1750 Salvator
2510 1694 2832 1764 signiﬁcavit
2866 1692 3091 1748 dicens:
3129 1691 3189 1746 Si
3220 1708 3337 1763 ergo
3372 1690 3479 1743 Da-

1940 1788 2022 1841 vid
2057 1788 2110 1841 in
2141 1787 2327 1854 spiritu
2358 1794 2503 1843 vocat
2545 1802 2661 1839 eum
2701 1784 2998 1847 Dominum,
3038 1782 3294 1873 quomodo
3339 1780 3479 1849 ﬁlius

1939 1877 2051 1946 ejus
2086 1885 2162 1930 est
2186 1874 2267 1927 "?
2291 1889 2464 1943 neque
2500 1874 2642 1928 enim
2673 1874 2789 1927 sine
2821 1870 3023 1941 Spiritu
3046 1864 3243 1925 sancto
3272 1874 3481 1939 poterat

1871 1950 1911 2003 Β
1944 1966 2108 2020 David
2142 1965 2255 2020 haec
2302 1964 2562 2035 proferre,
2605 1963 2751 2015 Dixit
2785 1962 3039 2015 Dominus
3081 1959 3303 2013 Domino
3345 1975 3479 2025 meo,

1943 2058 2072 2113 Sede
2104 2074 2137 2111 a
2166 2056 2362 2111 dextris
2399 2056 2545 2110 meis.
2594 2051 2871 2120 Quomodo
2910 2052 3052 2105 enim
3100 2049 3346 2103 humana:
3388 2063 3479 2102 co-

1941 2148 2165 2219 ﬁnitioni
2214 2146 2499 2200 accidisset
2534 2145 2723 2199 notitia
2767 2140 3268 2197 communicationis
3316 2152 3479 2208 quam

1940 2238 2098 2294 Pater
2126 2237 2287 2293 habet
2317 2250 2438 2290 cum
2473 2250 2538 2290 eo
2581 2235 2670 2303 qui
2708 2232 2964 2287 Dominus
2992 2232 3161 2299 ipsius
3189 2228 3354 2281 David
3396 2227 3478 2281 di-

1940 2330 2118 2383 citur?
2144 2327 2397 2382 Thronus
2439 2327 2617 2395 itaque
2650 2324 2848 2394 regiam
2879 2322 2997 2391 ejus
3034 2318 3345 2389 dignitatem
3385 2315 3477 2371 de-

1924 2422 2138 2487 ‘clarat;
2190 2420 2361 2475 sessio
2426 2424 2601 2470 autem
2650 2414 2986 2478 ﬁrmitatem,
3030 2410 3372 2466 stabilitatem
3425 2415 3475 2462 et

1940 2511 2366 2566 immobilitatem
2418 2505 2812 2578 permansionis
2855 2505 2973 2574 ejus
3014 2505 3067 2557 in
3118 2516 3303 2571 regno.
3343 2498 3473 2551 Illud

1942 2617 2137 2670 autem,
2165 2623 2197 2659 α
2218 2606 2435 2668 dextris,
2462 2604 2701 2658 declarat
2727 2602 2913 2671 ipsum
2958 2600 3269 2654 dextrorum
3302 2593 3473 2648 Patris

1940 2713 2220 2753 munerum
2258 2710 2378 2750 esse
2420 2693 2751 2765 participem.
2785 2689 2973 2744 Omnia
3003 2689 3200 2760 quippe
3234 2686 3474 2748 dextera,

1942 2792 2080 2854 la:ta,
2112 2790 2251 2844 bona
2279 2798 2331 2842 et
2353 2779 2607 2840 salutaria
2638 2782 2790 2853 quasi
2829 2795 2856 2833 a
2888 2778 3045 2833 Patre
3069 2776 3237 2831 Filius
3267 2777 3473 2831 submi-

1941 2882 2156 2937 nistrat.
2176 2879 2423 2934 Inimicos
2450 2883 2624 2930 autem
2648 2881 2804 2928 vocat
2830 2888 2922 2927 eos
2945 2872 3036 2940 qui
3072 2870 3125 2923 in
3155 2868 3472 2938 praecedenti

1940 2974 2146 3043 psalmo
2170 2970 2425 3025 declarati
2450 2976 2604 3033 sunt;
2633 2981 2804 3035 neque
2827 2972 3030 3016 tantum
3062 2976 3175 3022 eos,
3192 2960 3294 3015 sed
3314 2961 3472 3015 etiam

1940 3078 2127 3117 omnes
2148 3059 2486 3115 adversarias
2519 3058 2763 3112 virtutes.
2797 3053 2952 3108 Pater
2972 3052 3113 3107 enim
3142 3051 3195 3104 in
3226 3046 3471 3120 praesenti

1938 3149 2145 3221 psalmo
2166 3162 2224 3202 se
2248 3162 2435 3201 omnes
2461 3146 2561 3201 sub
2594 3142 2754 3214 pedes
2783 3142 2899 3212 ejus
2933 3148 3325 3211 prostraturum
3352 3151 3469 3193 esse

1940 3241 2239 3297 denuntiat.

2007 3334 2169 3392 Vens.
2217 3335 2270 3389 5.
2343 3333 2552 3403 virgam
2597 3332 2804 3385 virtutis
2863 3330 3058 3383 emittet
3113 3324 3361 3381 Dominus
3407 3338 3463 3377 ea

1936 3424 2080 3486 Sion,
2108 3432 2155 3476 et
2186 3422 2451 3475 dominare
2480 3422 2533 3474 in
2558 3416 2723 3474 medio
2747 3420 3071 3472 inimicorum
3102 3426 3327 3486 tuorum.
3351 3412 3466 3468 Vir"

1935 3484 2323 3586 gamvivirtutis
2364 3513 2597 3566 arbitror
2637 3512 2738 3565 hoc
2780 3510 2900 3564 loco
2935 3484 3302 3577 evangeiiCum
3351 3520 3467 3562 ser»

1935 3622 2145 3661 monem
2172 3606 2372 3661 dictum
2404 3620 2543 3659 esse.
2579 3603 2813 3658 Observa
2846 3616 3026 3671 porro,
3058 3614 3184 3654 num
3226 3596 3373 3654 forte
3391 3614 3467 3654 se-

1935 3696 2166 3750 cundum
2194 3696 2351 3749 aliam
2396 3696 2655 3747 rationem
2694 3692 2843 3762 virga
2874 3690 3087 3745 virtutis
3132 3689 3221 3743 hic
3260 3687 3466 3742 dicatur

1934 3796 2019 3846 ea,
2049 3795 2167 3851 quae
2199 3782 2251 3835 in
2280 3782 2514 3836 secundo
2547 3779 2751 3851 psalmo
2791 3779 2938 3849 virga
2976 3778 3149 3832 ferrea
3188 3791 3465 3845 nuncupa-

1936 3878 2041 3926 tur.
2071 3861 2419 3941 Evangelicus
2447 3872 2624 3938 itaque
2667 3883 2864 3929 sermo,
2903 3868 2994 3937 qui
3034 3865 3334 3921 Servatoris
3368 3880 3455 3919 no-

1935 3961 2031 4015 stri
2063 3963 2307 4019 virtutem
2346 3968 2399 4013 et
2442 3959 2559 4026 ejus
2602 3959 2954 4012 (economiam
2983 3958 3284 4021 annuntiat,
3317 3956 3463 4025 virga

1932 4051 2243 4105 doctrinalis
2286 4059 2339 4104 et
2371 4050 2622 4104 salutaris
2652 4049 2843 4118 fuerit;
2875 4050 2963 4104 illa
2994 4066 3121 4106 vero
3153 4064 3258 4119 qua
3290 4049 3457 4102 inimi-

1932 4159 2024 4198 cos
2052 4157 2179 4197 suos
2207 4149 2259 4194 et
2303 4132 2551 4196 EcClesiae
2581 4142 2761 4197 hostes
2809 4143 3098 4213 prosternit
3125 4156 3187 4195 ac
3214 4140 3463 4205 destruit,

1932 4232 2101 4286 ferrea
2132 4239 2371 4297 vocetur,
2401 4247 2505 4300 qua
2535 4230 2733 4287 dicitur
2755 4231 3000 4286 inimicos
3043 4246 3170 4285 suos
3210 4239 3461 4300 tanquam

1928 4336 2056 4376 vasa
2104 4321 2249 4389 figuli
2293 4322 2622 4400 contriturus
2662 4337 2799 4376 esse.
2847 4320 2981 4385 Quia
3017 4320 3176 4389 igitur
3215 4317 3459 4372 Christus

1930 4408 2197 4464 Eccle‘sias
2237 4425 2365 4466 suas
2392 4411 2444 4464 in
2479 4412 2667 4481 mediis
2709 4410 2930 4464 urbibus
2961 4417 3013 4464 et
3042 4408 3286 4477 gentibus
3326 4408 3458 4461 inter

1930 4499 2175 4553 inimicos
2217 4507 2272 4554 et
2318 4483 2499 4565 hostes
2544 4480 2843 4582 constituit,
2899 4498 3206 4567 necessario
3256 4496 3457 4550 dictum

293 4569 496 4639 ἐχθρῶν
522 4570 620 4659 καὶ
666 4570 940 4659 *πολεμίων
965 4657 976 4659 ᾗ
996 4574 1368 4643 συνεστήσατο,
1404 4578 1704 4647 ἀναγκαίως
1742 4581 1830 4633 λέ·
1860 4601 1903 4652 ο
1929 4598 1998 4644 est

1750 4582 1830 4633 λέ·
1860 4601 1903 4652 ι)
1929 4597 2011 4644 cst
2044 4609 2057 4642 :
2091 4591 2295 4659 Virgam
2328 4592 2528 4658 virtutis
2551 4569 2658 4645 tute
2683 4592 2879 4648 emittet
2901 4589 3173 4652 Dominus,
3206 4597 3261 4641 ut
3288 4587 3455 4642 domi-

292 4658 471 4710 λεκται
515 4657 617 4721 ὅτι,
664 4656 904 4721 Ῥᾴόδον
951 4657 1250 4727 δυνάμεώς
1290 4676 1405 4718 σου
1442 4665 1833 4729 ἐξαποστελεῖ

292 4748 515 4815 Κύριος,
545 4749 643 4801 ἵνα
684 4750 1146 4818 κατακυριεύσῃς
1172 4750 1239 4803 ἐν
1271 4752 1435 4820 μέσῳ
1454 4754 1570 4807 τῶν
1607 4756 1830 4825 ἐχθρῶν

290 4850 427 4888 σου.

357 4925 515 4978 Μετὰ
541 4918 710 4995 σοῦἠ
746 4930 898 4998 ἀρχὴ
931 4931 1000 4984 ἐν
1027 4933 1211 5000 ἡμέρᾳ
1252 4933 1358 5001 τῆς
1386 4932 1683 5001 δυνάμεώς
1712 4950 1826 4991 σου

291 5017 355 5069 ἐν
378 5016 505 5083 ταῖς
535 5021 903 5086 λαμπρότησι
930 5021 1048 5073 τῶν
1083 5024 1301 5091 ἁγίων,
1328 5024 1395 5075 ἐκ
1438 5024 1686 5091 γαστρὸς
1713 5027 1824 5093 πρὸ

291 5105 590 5189 ἑωσφόρον
648 5106 939 5174 ἐγέννησά
989 5123 1078 5159 σε.
1132 5110 1375 5171 Ἀκύλας,
1432 5110 1562 5163 Ἀπὸ
1600 5112 1825 5179 μήτρας

290 5195 747 5266 ἐξωρθρισμένης
775 5213 871 5250 σοι
912 5196 1124 5263 δρόσος
1151 5199 1520 5266 παιδιότητός
1549 5216 1681 5255 σου”
1711 5206 1739 5255 ό
1768 5205 1839 5257 δὲ·

289 5284 594 5354 Σύμμαχοςι
636 5287 728 5351 Ὠς
755 5287 879 5340 κατ’
911 5288 1116 5355 ὄρθρον
1149 5303 1245 5340 σοι
1286 5286 1501 5354 δρόσος
1534 5291 1571 5356 ἠ
1616 5294 1824 5360 νεότης

290 5389 420 5427 σου’
450 5378 483 5443 ἡ
505 5375 559 5427 δὲ
592 5379 810 5449 πέμπτη
841 5378 1062 5442 ἐκδοσις,
1107 5379 1199 5430 Ἐκ
1224 5378 1448 5445 μήτρας
1476 5380 1591 5433 ἀπὸ
1616 5381 1821 5449 ὄρθρου

284 5479 385 5519 σοι
406 5462 622 5533 δρόσος
644 5469 921 5534 νεότητός
956 5484 1088 5522 σου.
1125 5470 1231 5521 Καὶ
1261 5468 1400 5520 ἐοικὲ
1428 5484 1491 5535 γε
1519 5469 1605 5523 διὰ
1623 5472 1821 5526 τούτων

290 5554 385 5624 τῆς
414 5554 670 5625 ὲνσάρκου
723 5560 1018 5627 γεννήσεως
1061 5557 1220 5610 αὐτοῦ
1262 5558 1355 5627 τὴν
1391 5559 1692 5629 οἰκονομίαν
1723 5580 1818 5632 ση-

289 5644 516 5713 μαίνειν.
567 5645 695 5698 Ἀπὸ
717 5647 821 5717 γὰρ
861 5649 1083 5717 μήτρας,
1118 5650 1270 5718 φησὶ,
1315 5650 1593 5717 γενήσεται
1637 5651 1820 5721 δρόσος

290 5732 685 5803 ὲξωρθρισμένη
714 5735 808 5803 τῆς
826 5735 1157 5802 παιδιότητός
1184 5755 1293 5791 σου·
1335 5739 1366 5807 ἦ
1401 5740 1462 5790 ὲκ
1495 5742 1698 5811 μήτρας
1731 5760 1818 5811 γε-

357 5838 401 5869 ⁹³
439 5838 619 5895 Matth.
656 5858 813 5904 xvm,
849 5841 934 5897 20.
1010 5843 1053 5873 ’⁵
1092 5844 1273 5899 Matth.
1314 5864 1455 5908 xm.
1487 5849 1571 5904 45.

1928 4683 2065 4735 neris
2094 4683 2147 4735 in
2176 4683 2344 4739 medio
2367 4682 2694 4735 inimicorum
2728 4684 2953 4735 tuorum.

1994 4921 2153 4975 Vens.
2182 4920 2245 4973 δί
2282 4918 2468 4971 Tecum
2522 4916 2835 4985 principium
2886 4917 2938 4969 in
2990 4922 3074 4970 die
3114 4916 3320 4969 virtutis
3356 4928 3454 4969 tua

1924 5020 1975 5071 in
1999 5017 2350 5085 splendoribus
2379 5024 2702 5078 sanctorum,
2738 5029 2803 5068 ea:
2831 5024 2975 5068 utero
3008 5025 3127 5069 ante
3158 5014 3453 5081 Luciferum

1922 5117 2071 5191 genui
2100 5126 2164 5169 te.
2194 5114 2406 5183 Aquila,
2437 5114 2502 5167 ab
2533 5124 2677 5167 utero
2723 5113 2953 5168 diluculo
2986 5116 3207 5169 excitato
3242 5113 3334 5165 tibi
3368 5128 3452 5167 ros

1920 5217 2156 5284 pueritia:
2181 5225 2282 5268 tum
2300 5232 2315 5281 ;
2334 5212 2685 5285 Symmachus
2712 5254 2726 5278 ,
2750 5215 2882 5269 uelut
2904 5214 3130 5267 diluculo
3153 5214 3247 5267 tibi
3266 5230 3348 5267 ros
3361 5213 3450 5281 ju-

1922 5326 2095 5389 ventus
2126 5324 2249 5377 tua;
2275 5315 2462 5383 quinta
2490 5323 2689 5382 autem
2722 5314 2907 5388 editio,
2940 5328 3005 5367 ex
3056 5322 3200 5367 utero
3232 5315 3449 5369 dilicutd

1922 5404 2012 5457 tibi
2049 5419 2132 5455 ros
2158 5403 2443 5470 juventutis
2468 5411 2586 5455 tum.
2623 5401 2822 5471 Hisque
2850 5402 3061 5455 videtur
3091 5403 3447 5472 generationis

1918 5496 2034 5561 ejus
2094 5492 2325 5546 carnalis
2381 5492 2733 5547 mconomiam
2794 5490 3115 5560 signiﬁcare.
3175 5491 3254 5545 Ab
3294 5499 3446 5551 utero

1918 5584 2079 5643 enim,
2114 5585 2206 5645 ait,
2238 5584 2336 5636 erit
2360 5598 2447 5638 ros
2476 5583 2771 5637 matutinus
2799 5581 3039 5652 pueritiae
3065 5590 3197 5647 tuae;
3234 5583 3345 5636 sive
3379 5598 3443 5637 ex

1918 5682 2068 5728 utero
2099 5674 2184 5727 lict
2230 5673 2325 5726 tibi
2375 5688 2463 5727 ros
2493 5682 2615 5728 tuus
2656 5674 2893 5726 diluculo
2926 5674 2977 5724 in
3014 5672 3293 5741 juventute
3328 5679 3441 5724 tua.

1920 5765 2115 5833 [lisque
2146 5764 2375 5819 arbitror
2404 5765 2686 5829 declarari,
2736 5779 2842 5817 non
2867 5779 2928 5816 ex
2960 5764 3163 5819 scminc
3190 5762 3311 5828 viri,
3347 5762 3445 5817 scd
