4318 6420
913 500 1043 553 1545

1591 490 1852 549 ΕυεΕΒιι
1878 491 2341 547 CESARIENSIS
2374 492 2520 547 OPP.
2553 490 2726 545 PARS
2764 488 2848 543 Ill.
2886 520 2953 529 -—
2989 486 3385 557 EXEGETICA.

3925 483 4059 538 15M

915 632 972 670 ex
1008 614 1207 684 Spiritu
1252 620 1457 675 sancto,
1506 612 1781 665 carnalem
1816 611 2212 681 generationem
2233 612 2432 665 consti-
2462 618 2503 672 Α
2528 612 2620 679 vim

2355 612 2432 664 tti-
2462 618 2503 672 Α
2528 609 2741 679 νήσεταί
2776 625 2855 661 σοι
2884 608 3067 677 δρόσος
3084 624 3174 668 σου
3198 606 3389 675 δρθρου
3416 606 3473 659 ὲν
3491 605 3557 675 τῇ
3580 601 3789 674 νεότητί
3815 618 3930 655 σου.
3960 602 4060 671 Ση-

914 704 1006 758 tui.
1039 703 1169 756 Nam
1205 702 1649 773 quemadmodum
1688 717 1778 756 ros
1820 694 2049 768 superne
2078 700 2144 755 de
2173 702 2308 757 celo
2340 700 2431 755 de—

915 793 1095 856 ﬂuens,
1128 792 1206 847 sic
1240 793 1294 845 in
1334 799 1491 846 utero
1514 791 1835 861 prmgnantis
1868 791 2053 845 matris
2084 789 2221 859 ejus,
2254 790 2433 845 carnis

914 883 1217 937 constitutio
1234 882 1370 936 facta
1386 889 1468 935 est
1482 880 1535 934 in
1551 880 1773 953 infantia
1791 881 1978 950 ipsius.
1996 881 2100 935 Pro
2119 882 2209 934 illo
2235 888 2431 947 autem,

913 987 970 1024 ea:
1000 981 1186 1035 ventre,
1218 972 1336 1025 sive
1360 985 1423 1024 ea:
1450 980 1613 1033 utero,
1643 968 1957 1023 Hebraicum
1986 970 2145 1024 habet
2185 968 2432 1021 Mariam.

914 1058 1097 1127 Aliquo
1136 1066 1314 1111 autem
1345 1065 1593 1111 narrante
1610 1058 1754 1119 novi,
1786 1056 2101 1112 Hebraicam
2127 1072 2309 1110 vocem
2346 1056 2431 1109 hic

912 1147 1125 1201 Mariam
1159 1138 1464 1201 meminisse
1492 1164 1505 1200 :
1535 1161 1657 1200 nam
1690 1146 1842 1209 illud,
1864 1144 2113 1209 Mariam,
2144 1145 2318 1199 Mariae
2334 1160 2424 1199 no-

911 1254 1031 1292 men
1065 1238 1454 1307 signiticat;ita
1476 1244 1534 1292 ut
1560 1238 1646 1292 his
1676 1238 1987 1293 nominatim
2031 1236 2254 1307 Deipara
2284 1251 2429 1291 com-

914 1333 1253 1379 memoratur.

2534 697 2809 768 μαίνεσθαι
2838 697 2892 749 δὲ
2910 696 2997 749 διά
3017 696 3213 749 τούτων
3236 695 3363 765 ἡγοῦ
3372 711 3466 764 μαι
3483 692 3542 746 τὸ
3573 693 3647 763 μὴ
3674 693 3738 746 ἑκ
3756 690 4059 760 σπέρματος

2531 788 2735 856 ἀνδρὸς,
2762 786 2870 839 ἀλλ’
2901 784 2959 850 ἐξ
2985 785 3135 853 ἀγίου
3159 784 3464 854 Πνεύματος
3482 782 3735 851 συστῆναι
3748 780 3844 853 τὴν
3875 777 4064 848 ἐνσαρ-

2532 894 2621 928 κον
2648 876 2909 945 γέννησιν.
2961 871 3059 928 υἷα
3105 875 3212 946 γὰρ
3241 873 3425 944 δρόσος
3465 871 3666 927 ἀνωθεν
3721 870 3782 935 ἐξ
3836 866 4064 939 οὐρανῶ

2534 966 2821 1035 φερομένη,
2845 965 2983 1017 οὕτω
3013 982 3127 1028 πως
3170 967 3228 1018 ὲν
3262 966 3328 1033 τῇ
3361 964 3541 1033 μήτρᾳ
3567 962 3666 1031 τῆς
3700 959 4063 1031 κνοφορούστις

2532 1058 2687 1109 αὐτὸν
2723 1057 2921 1127 μητρὸς
2949 1059 2982 1126 ἡ
3013 1057 3110 1126 τῆς
3143 1056 3340 1125 σαρκὸς
3373 1056 3577 1123 ὑπέστη
3608 1054 3861 1115 σύστασις
3904 1053 3962 1104 ὲν
3998 1052 4064 1120 τῇ

2533 1146 2828 1215 παιδιότητι
2853 1145 3034 1199 αὐτοῦ.
3079 1145 3219 1196 Ἀντί⁵
3243 1144 3300 1196 δὲ
3320 1142 3432 1207 τοῦ,
3463 1144 3532 1196 ἐκ
3567 1142 3841 1212 γαστρὸς,
3862 1140 3919 1209 ἢ,
3948 1136 4064 1193 ἀπὸ

2526 1236 2770 1305 μήτρας,
2809 1237 2867 1288 τὸ
2897 1235 3173 1306 Ἐϐραῖκδν
3202 1234 3330 1304 ἔχει,
3357 1232 3602 1304 Μαριάμ.
3628 1228 3754 1286 υἷδα
3770 1232 3916 1294 δὲείς
3941 1229 4065 1284 τοῦ·

2532 1342 2592 1377 το
2607 1326 2745 1387 τινὸς
2778 1324 3029 1386 ἀκούσας,
3067 1323 3140 1386 ὡς
3168 1325 3266 1393 τῆς
3305 1323 3587 1393 Ἑϐραῖκῆς
3624 1321 3802 1392 φωνῆς
3832 1319 4062 1374 ἐνταῦθα

913 1415 1005 1483 τῆς
1031 1416 1243 1486 Μαρίας
1267 1415 1723 1487 μνημωευσάσης·
1754 1416 1956 1487 τὸγὰρ,
2006 1416 2252 1485 Μαριὰμ,
2295 1416 2353 1468 τὸ
2380 1418 2591 1486 Μαρίας
2634 1418 2796 1486 ὄνομα
2845 1417 3111 1487 σημαίνει.
3157 1417 3231 1480 ὡς
3272 1416 3537 1486 ὀνομαστὶ
3570 1415 3655 1469 διὰ
3713 1412 3911 1468 τούτων
3966 1412 4064 1481 τῆς

910 1495 1163 1558 θεοτόκου
1192 1524 1290 1576 μνη
1299 1507 1656 1575 μονευθείσης.

980 1595 1139 1650 Vens.
1200 1598 1313 1651 5-8.
1365 1596 1571 1650 Juravit
1627 1598 1896 1661 Dominus,
1938 1608 1986 1651 et
2041 1614 2141 1651 non
2174 1597 2431 1665 paenitebit

913 1700 1046 1746 enm,
1075 1684 1151 1737 Tu
1174 1702 1227 1739 es
1280 1686 1515 1740 sacerdos
1545 1688 1595 1739 in
1633 1695 1877 1740 aeternum
1902 1689 2175 1740 secundum
2205 1686 2432 1740 ordinem

916 1772 1301 1828 Melchisedech.
1350 1775 1600 1829 Dominus
1645 1794 1677 1829 a
1720 1776 1916 1830 dextris
1967 1779 2070 1831 tuis
2112 1778 2356 1848 confregit
2380 1780 2433 1831 in

2629 1600 2820 1661 Ωμοσε
2863 1597 3091 1664 Κύριος,
3138 1594 3237 1647 καί
3290 1595 3359 1648 οὐ
3390 1594 3948 1663 μεταμεληθήσεται,
3982 1592 4065 1649 Σὺ

2534 1684 2720 1750 ἱερεὺς
2740 1686 2825 1749 είς
2853 1684 2955 1735 τὸν
2978 1683 3158 1737 αιῶνα
3186 1685 3335 1737 κατὰ
3356 1684 3466 1751 τὴν
3488 1684 3658 1747 τάξιν
3679 1684 4062 1751 Μελχισεδέκ.

2534 1773 2741 1839 Κύριος
2771 1776 2837 1824 ἐκ
2855 1772 3061 1836 δεξιῶν
3081 1788 3192 1826 σου
3220 1768 3673 1827 συνέθλασενέν
3691 1772 3874 1847 ᾑμέρᾳ
3887 1772 4066 1843 ὀργῆς

903 1854 993 1913 die
1024 1862 1117 1914 ira:
1142 1878 1247 1914 sua:
1277 1879 1435 1932 reges.
1470 1862 1739 1917 Judicabit
1777 1866 1831 1919 in
1862 1867 2175 1930 nationibus,
2210 1868 2435 1935 implebit
2469 1912 2506 1935 ,
2535 1864 2608 1915 αὺ

2364 1868 2435 1921 bit
2469 1912 2506 1935 _
2535 1862 2716 1915 αὐτοῦ
2739 1861 3034 1926 βασιλεῖς.
3061 1860 3342 1928 Κρινεῖὲν
3373 1861 3495 1927 τοῖς
3523 1860 3742 1926 ἔθνεσι,
3773 1863 4066 1929 πληρώσει

915 1951 1115 2013 ruinas,
1157 1954 1518 2021 conquassabit
1550 1956 1721 2022 capita
1762 1955 1817 2008 in
1847 1964 2007 2012 terra.
2034 1955 2105 2010 De
2140 1966 2359 2015 torrente
2382 1959 2435 2011 in
2470 1948 2508 1969 υ
2534 1966 2620 2003 πτε

2353 1959 2435 2011 :in
2470 1948 2508 1969 ¹¹
2534 1951 2823 2019 πτώματα,
2864 1949 3190 2004 συνθλάσει
3226 1950 3487 2019 κεφαλὰς
3526 1949 3624 2003 ἐπὶ
3651 1948 3780 2021 γῆς.
3827 1952 3919 2005 Ἐκ
3946 1969 4058 2021 χει.

908 2041 1001 2092 via
1022 2039 1173 2107 bibet,
1196 2052 1459 2109 propterea
1509 2043 1765 2096 exaltabit
1798 2054 1971 2111 caput.
2004 2043 2126 2100 Haec
2153 2045 2434 2100 admodum
2530 2040 2613 2110 pd.

2355 2062 2434 2099 um
2530 2040 2753 2110 μάρρου
2781 2039 2975 2105 ἐνόδῷ
3001 2040 3209 2104 πίεται,
3230 2038 3325 2092 διὰ
3340 2040 3509 2092 τοῦτο
3526 2038 3751 2107 ὑψώσει
3777 2037 4060 2108 κεφαλήν.

914 2137 1303 2198 consequenter
1369 2130 1619 2187 videntur
1663 2132 1933 2201 praedictis
1984 2132 2161 2188 verbis
2202 2134 2436 2189 subnexa

916 2232 1052 2274 esse.
1081 2217 1301 2275 Etiamsi
1333 2221 1474 2275 enim
1503 2228 1679 2274 ortum
1709 2237 1774 2275 ex
1804 2230 1955 2276 utero
1974 2236 2163 2291 passus
2197 2225 2271 2278 sis
2290 2264 2305 2290 ,
2342 2223 2437 2290 ait,

910 2314 1072 2377 atque
1093 2302 1255 2365 veluti
1282 2324 1371 2363 ros
1398 2324 1463 2363 ex
1491 2308 1694 2378 Spiritu
1718 2321 1924 2374 sancto,
1954 2318 2227 2381 assumpta
2254 2326 2435 2376 carne,

916 2396 1091 2451 factus
1119 2397 1194 2452 sis
1212 2399 1266 2451 in
1296 2396 1517 2451 infantia
1549 2405 1679 2464 tua;
1714 2410 1767 2453 at
1800 2416 1906 2454 non
1940 2402 2056 2471 pari
2084 2410 2243 2471 atque
2267 2404 2439 2457 caeteri

916 2489 1158 2542 homines
1201 2488 1408 2543 ratione
1428 2490 1549 2544 vitae
1577 2492 1779 2546 exitum
1799 2492 2073 2561 sortieris;
2104 2490 2196 2550 sed
2218 2495 2272 2547 in
2294 2504 2443 2549 αξιοι·-

916 2591 1041 2629 num
1069 2575 1174 2631 Deo
1206 2587 1257 2631 et
1301 2574 1444 2646 Patri
1480 2580 1731 2635 sacerdos
1775 2582 2013 2637 manebis
2042 2601 2055 2637 :
2089 2582 2349 2651 siquidem
2388 2582 2461 2637 ide

919 2665 1211 2729 deﬁnitum,
1229 2672 1281 2719 et
1303 2681 1331 2719 a
1357 2665 1513 2723 Patre
1527 2678 1617 2724 tuo
1640 2684 1759 2727 cum
1780 2669 2069 2740 juramenti
2099 2671 2443 2727 afﬁrmatione

919 2752 1318 2821 pronuntiatum
1349 2762 1453 2811 est.
1956 2762 1959 2765 ’

1416 2948 1767 3004 ALLELUIA.
1794 2950 1902 3005 CX.

985 3034 1146 3092 Vens.
1180 3038 1291 3093 1-5.
1323 3038 1619 3113 Conﬁtebor
1653 3040 1766 3104 tibi,
1802 3039 2038 3106 Domine,
2072 3043 2126 3095 in
2158 3052 2264 3097 toto
2296 3044 2445 3097 corde

918 3138 1048 3186 meo,
1078 3124 1129 3176 in
1148 3125 1364 3197 consilio
1375 3127 1640 3192 justorum
1662 3138 1709 3181 et
1734 3132 2139 3199 congregatione.
2164 3130 2445 3203 Inscriptio

2535 2131 2741 2200 Σφόδρα
2771 2147 2857 2199 μοι
2885 2130 3027 2182 δοκεῖ
3049 2128 3347 2192 ἀκολούθως
3367 2131 3432 2198 τῇ
3458 2128 3913 2200 προγεγραμμένῃ
3929 2128 4067 2196 λέξει

2537 2221 2775 2291 συνήφθη
2804 2221 2873 2272 τὰ
2903 2220 3245 2290 προκείμενα.
3269 2219 3330 2271 Et
3366 2217 3473 2287 γὰρ
3504 2216 3597 2271 καὶ
3619 2217 3687 2271 τὰ
3711 2217 3939 2287 μάλιστα
3973 2217 4066 2286 γέ-

2536 2330 2677 2366 νεσιν
2691 2311 2785 2381 τὴν
2811 2309 2917 2363 ἀπὸ
2935 2310 3141 2380 μήτρας
3168 2309 3479 2378 ὑπέμεινας,
3508 2308 3657 2377 φησὶ,
3676 2308 3766 2360 καὶ
3783 2308 4067 2379 γεγένησαι

2535 2397 2619 2454 οἷα
2653 2400 2835 2469 δρόσος
2858 2397 2917 2463 ἐξ
2952 2398 3102 2466 ἁγίου
3134 2395 3440 2467 Πνεύματος
3472 2409 3530 2448 sv
3556 2398 3620 2465 τῇ
3654 2396 3946 2466 παιδιότητί
3976 2413 4065 2449 σου

2540 2492 2711 2563 σάρκα
2740 2488 3035 2553 ἀναλαϐὼν,
3055 2488 3164 2542 ἀλλ’
3180 2489 3274 2558 οὐχ
3295 2486 3489 2558 ὁμοίιος
3515 2488 3624 2547 τοῖς
3645 2483 3843 2549 λοιποῖς
3864 2486 4066 2557 ἀνθρὼ-

2539 2598 2657 2644 ποις
2684 2576 2775 2633 καὶ
2803 2581 2897 2649 τὴν
2928 2579 3300 2650 καταστροφὴν
3320 2576 3412 2630 τοῦ
3446 2574 3557 2646 βίον
3594 2577 3851 2647 ποιήσεις·
3878 2577 4066 2647 διαμι-

2539 2673 2644 2732 νεῖς
2672 2669 2729 2721 δὲ
2770 2668 2849 2729 εἰς
2877 2667 2965 2722 τὸν
2991 2668 3158 2720 αίῶνα
3190 2665 3475 2737 ἱερώμενος
3502 2666 3578 2735 τῷ
3616 2663 3732 2735 Θεῷ
3752 2665 3845 2719 καὶ
3874 2667 4063 2735 Πατρί.

2540 2757 2705 2810 Τοῦτο
2717 2756 2823 2828 γάρ
2855 2756 3096 2828 ὥρισται,
3126 2756 3216 2810 καὶ
3238 2756 3351 2827 μεθ’
3380 2757 3537 2825 ὅρκου
3558 2754 3885 2825 βεϐαιώσεως
3914 2754 4068 2811 τοῦτο

2542 2847 2910 2916 ἀποπέφανται
2940 2846 3071 2915 πρὸς
3083 2844 3174 2898 τοῦ
3206 2844 3298 2898 σοῦ
3328 2845 3552 2914 Πατρός.
3920 2837 3933 2844 ’

3042 2952 3454 3008 ΔΛΛΗΔυΥΙΑ.
3475 2956 3578 3006 Pl'.

2622 3043 3151 3116 Ἐξομολογήσομαί
3209 3056 3326 3102 σοι.
3375 3044 3567 3110 Κύριε,
3598 3042 3667 3094 ἐν
3702 3042 3815 3111 ὅλῃ
3864 3042 4068 3110 καρδία

2539 3157 2672 3207 μου,
2718 3140 2786 3191 ἐν
2820 3122 3027 3203 βουλῇ
3058 3132 3275 3190 εὐθέων
3321 3132 3419 3188 καί
3466 3131 3796 3201 συναγωγῇ.
3845 3132 3926 3186 Τὰ
3971 3133 4068 3201 τῆς

919 3212 1195 3280 praesentis
1222 3227 1285 3267 ac
1324 3216 1657 3284 sequentium
1692 3219 2019 3287 psalmorum
2049 3219 2301 3285 declarat,
2332 3221 2444 3275 hzec
2470 3217 2511 3273 ο
2543 3243 2624 3297 πρ

2363 3236 2444 3275 nec
2470 3217 2511 3273 C
2543 3225 2860 3297 προγραφῆς
2897 3222 2987 3276 τοῦ
3044 3221 3394 3293 προκειμένου
3428 3221 3521 3274 καὶ
3561 3220 3669 3273 τῶν
3711 3217 3905 3289 ἐφεξῆς
3925 3220 4068 3290 αὐτῷ

921 3317 1027 3357 non
1051 3317 1144 3371 per
1168 3304 1476 3373 psalterium
1506 3309 1846 3375 pronuntiata
1860 3309 2042 3373 fuisse,
2058 3325 2229 3380 neque
2255 3314 2448 3365 cantici

922 3391 1096 3444 locum
1129 3400 1327 3455 tenere,
1353 3409 1524 3463 neque
1541 3397 1817 3460 orationis,
1839 3414 2010 3468 neque
2025 3400 2249 3454 aliorum
2267 3403 2447 3469 quaein

922 3482 1090 3538 titulis
1104 3482 1364 3551 feruntur;
1384 3482 1479 3539 sed
1497 3500 1617 3540 esse
1648 3488 1871 3557 hymnos
1886 3489 2172 3559 gratiarum
2190 3491 2445 3545 actionis:

922 3588 1086 3641 quare
1114 3573 1357 3643 inscripti
1375 3581 1519 3637 sunt,
1548 3575 1794 3640 Alleluia,
1826 3577 1968 3645 quod
1994 3578 2175 3643 Graece
2214 3594 2448 3643 versum,

926 3665 1128 3717 laudent
1153 3663 1244 3716 Dei
1269 3664 1554 3732 signiﬁcat.
1575 3664 1869 3735 Conﬁtebor
1886 3667 1999 3733 tibi,
2023 3667 2257 3733 Domine,
2279 3670 2331 3722 in
2346 3678 2449 3722 toto

865 3792 869 3796 -
924 3756 1076 3807 corde
1119 3770 1249 3817 meo,
1304 3756 1357 3808 in
1412 3757 1628 3809 consilio
1659 3754 1917 3821 iu'storum
1946 3769 1997 3811 et
2042 3760 2446 3828 congregatione.

928 3842 1119 3914 Magna
1146 3860 1299 3912 opera
1324 3845 1549 3910 Domini,
1582 3848 1840 3916 exquisita
1872 3850 1924 3901 in
1952 3865 2123 3903 omnes
2166 3850 2451 3904 voluntates

928 3933 1057 4000 ejus.
1087 3931 1358 3999 Confessio
1388 3943 1437 3987 et
1468 3935 1851 4003 magnificentia
1878 3953 2002 4004 opus
2022 3934 2155 4004 ejus,
2179 3937 2453 4005 stjustitia

928 4023 1038 4089 ejus
1078 4032 1245 4075 manet
1274 4024 1326 4075 in
1347 4024 1596 4076 steculum
1624 4024 1819 4077 seaculi.
1854 4024 2150 4079 Admodum
2171 4042 2298 4081 vero
2325 4042 2453 4083 con-

929 4119 1179 4179 gruenter
1206 4121 1324 4181 post
1344 4112 1593 4187 traditam
1617 4113 1681 4167 de
1708 4111 1985 4169 Salvatore
2017 4125 2202 4171 nostro
2234 4118 2456 4187 prOphs~

832 4195 837 4199 ’
930 4203 1078 4260 tiam,
1128 4202 1357 4271 hymnus
1390 4203 1680 4271 gratiarum
1734 4202 1958 4258 actionis
2003 4204 2088 4261 his
2124 4207 2299 4261 verbis
2326 4210 2457 4262 sub-

933 4289 1200 4356 iungim,
1256 4303 1322 4341 ex
1350 4289 1521 4357 ipsius
1568 4286 1867 4343 Servatoris
1907 4304 2135 4358 persona
2176 4296 2452 4356 recitatus.

924 4379 1021 4445 qui
1054 4374 1198 4429 Patri
1231 4392 1329 4431 suo
1386 4377 1452 4430 de
1477 4377 1648 4431 salute
1687 4376 1938 4432 omnibus
1994 4378 2297 4435 hominibus
2326 4396 2457 4435 con-

933 4481 1082 4520 cessa
1104 4468 1304 4535 gratias
1356 4465 1540 4521 refert.
1583 4466 1715 4520 Nam
1770 4468 2039 4522 confessio
2071 4484 2145 4522 ex.
2171 4468 2457 4539 Scriptum

936 4570 1036 4615 usu
1085 4554 1241 4608 modo
1293 4558 1628 4623 peceatorum
1680 4558 2095 4611 declarationem
2152 4560 2450 4629 significat,

937 4642 1095 4701 modo
1117 4644 1404 4712 gratiarum
1429 4645 1691 4698 actionem
1736 4644 1971 4700 exhibet.
2009 4643 2199 4699 Statim
2229 4649 2369 4703 enim
2401 4652 2456 4706 in

940 4731 1234 4802 Evangeliis
1260 4733 1371 4801 ipse
1404 4731 1653 4787 Servator
1682 4732 1863 4789 noster
1892 4735 1968 4789 ait
2007 4754 2022 4789 :
2053 4735 2315 4806 Confiteor
2343 4741 2456 4805 tibi,

942 4820 1118 4886 Pater,
1142 4821 1353 4875 Domine
1378 4823 1489 4875 caeli
1528 4832 1576 4877 et
1596 4834 1766 4887 terra,
1789 4826 1911 4893 quia
1946 4826 2261 4882 abscondisti
2292 4828 2399 4882 haec
2427 4848 2460 4884 a

942 4912 1247 4978 sapientibus
1275 4921 1324 4965 et
1359 4913 1712 4979 prudentibus.
1743 4925 1790 4967 et
1831 4915 2173 4970 revelastiea
2207 4919 2453 4984 parvulis.

944 5000 1054 5062 Ita,
1076 5000 1253 5064 Pater,
1282 5002 1520 5072 quoniam
1538 5005 1610 5055 sic
1639 5004 1737 5071 fuit
1765 5004 2010 5073 placitum
2031 5017 2148 5060 ante
2169 5016 2234 5060 te.
2268 5007 2459 5061 Omnia

944 5092 1064 5143 mihi
1094 5093 1288 5145 tradita
1331 5102 1450 5146 sunt
1477 5109 1511 5144 a
1545 5092 1721 5156 Patre,
1770 5105 1839 5148 et'
1863 5113 2008 5150 nemo
2057 5097 2196 5151 novit
2228 5099 2339 5162 .,uis
2384 5109 2461 5153 est

947 5178 1113 5231 Filius
1149 5180 1246 5232 nisi
1297 5179 1471 5243 Pater,
1509 5189 1557 5234 et
1581 5182 1694 5247 quis
1730 5190 1803 5234 est
1835 5181 1994 5246 Pater
2024 5184 2121 5236 nisi
2143 5182 2311 5235 Filats
2334 5227 2349 5250 ,
2413 5195 2462 5239 et

948 5268 1029 5320 cui
1068 5266 1283 5319 voluerit
1325 5266 1492 5322 Filius
1550 5269 1770 5323 revelare
1798 5270 1863 5320 ⁸⁸.
1912 5300 1976 5309 —-
2008 5268 2074 5321 In
2124 5271 2342 5323 consilio
2378 5271 2466 5339 ju-

950 5369 1143 5413 storum
1201 5366 1249 5409 et
1287 5360 1692 5427 congregatione.
1760 5358 1952 5427 Magna
2010 5375 2163 5427 opera
2230 5360 2465 5425 Domini,

966 5450 1221 5517 exquisita
1276 5449 1330 5501 in
1373 5465 1543 5504 omnes
1595 5451 1879 5505 voluntates
1926 5451 2055 5519 ejus.
2110 5452 2225 5505 Non
2279 5468 2466 5521 pravo—

957 5556 1067 5593 rum
1108 5549 1160 5594 et
1203 5554 1566 5608 perverson
1614 5542 1884 5607 virorum;
1938 5540 2030 5597 sed
2075 5543 2357 5611 probarunt
2416 5552 2467 5597 et

959 5636 1213 5684 rectarum
1238 5629 1552 5694 animarum,
1586 5632 1874 5701 gratiarum
1911 5620 2175 5689 actionum
2214 5634 2463 5703 hymnum

1030 5783 1073 5823 ”
1104 5782 1230 5837 Luc.
1269 5798 1335 5848 κ,
1369 5783 1462 5849 21,
1497 5784 1583 5837 22.

2547 3316 2833 3386 παρίστησι
2882 3313 2954 3384 μὴ
3006 3311 3092 3364 διὰ
3133 3311 3420 3381 ψαλτηρίου
3472 3310 3715 3381 είρῆσθαι
3748 3308 3817 3362 τά
3852 3312 4069 3380 προκείὲ

2550 3420 2701 3471 μενα,
2738 3401 2866 3471 μηδὲ
2902 3400 3040 3470 ᾠδῆς
3083 3399 3295 3468 ἐπέχειν
3320 3397 3500 3456 τόπον,
3532 3396 3661 3449 ἀλλά
3691 3396 3821 3466 μηδὲ
3845 3412 4069 3466 προσευ-

2546 3469 2664 3563 ﬁs.
2882 3469 3021 3553 τινοζ
3069 3488 3174 3542 τῶν
3220 3487 3389 3541 ἄλλων
3427 3486 3783 3558 προγραφῶν,
3837 3482 3974 3539 εἶναι
4018 3486 4074 3539 δὶ

2550 3583 2746 3652 ὕμνους
2806 3579 3270 3652 εὐχαριστηρίους*
3325 3576 3403 3629 διὸ
3467 3576 3558 3629 καὶ
3624 3573 4075 3645 ἐπιγεγραμμένοι

2550 3672 2701 3733 εἰσὶν,
2758 3668 3129 3734 Ἀλληλούῖα,
3181 3667 3313 3735 ὅπερ
3361 3663 3814 3733 μεταϐαλλόμενον
3863 3663 3942 3725 είς
3979 3662 4076 3731 τὴν

2563 3759 2779 3813 Ἐλλάδα
2833 3757 3011 3813 φωνὴν
3035 3755 3203 3809 αἶνον
3219 3754 3362 3807 Θεοῦ
3406 3753 3667 3823 σημαίνει.
3697 3752 4077 3822 Ἐξομολογή-

2550 3852 2726 3919 σομαί
2759 3863 2875 3909 σοι,
2902 3848 3091 3914 Κύριε,
3127 3845 3195 3899 ὲν
3240 3844 3348 3910 ὅλῃ
3380 3842 3585 3909 καρδίᾳ
3602 3859 3738 3909 μου,
3761 3843 3829 3894 ἐν
3879 3840 4113 3909 βουλῇ.

2550 3943 2766 3997 εὐθέων
2806 3942 2902 3994 καὶ
2950 3935 3283 4005 συναγωγῇ.
3308 3934 3546 4003 Mercuri
3576 3933 3647 3985 τὰ
3676 3931 3816 3999 ἔργα
3842 3930 4079 3998 Κυρίου,

2552 4030 2932 4100 ἐξεζητημένα
2967 4031 3050 4093 είς
3080 4026 3269 4079 πάντα
3293 4028 3362 4077 τὰ
3397 4020 3693 4090 θελήματα
3718 4018 3920 4073 αὐτοῦ.
3960 4017 4080 4083 Ἐε-

2553 4122 2907 4189 ομολόγησις
2956 4118 3049 4169 καὶ
3071 4112 3539 4184 μεγαλοπρέπεια
3581 4109 3645 4162 τὸ
3680 4108 3855 4177 ἔργον
3878 4108 4079 4170 αὑτοῦ,

2553 4210 2647 4262 καὶ
2672 4210 2709 4276 ἡ
2734 4207 3075 4271 δικαιοσύνη
3105 4203 3284 4259 αὑτοῦ
3317 4202 3478 4270 μένει
3513 4202 3599 4265 είς
3620 4197 3722 4252 τὸν
3745 4196 3927 4252 αἰῶνα
3977 4198 4080 4251 τοῦ

2552 4297 2781 4361 αἰῶνος.
2814 4295 3018 4365 Σφόδρα
3041 4294 3097 4347 δὲ
3131 4292 3430 4354 ἀκολούθως
3458 4290 3589 4361 μετά
3616 4289 3711 4360 τὴν
3738 4289 4081 4363 ἀποδοθεῖσαν

2555 4387 2680 4455 περὶ
2723 4381 3089 4453 τοῦΣωτῆρος
3116 4380 3270 4451 ἡμῶν
3308 4380 3631 4450 προφητείαν
3682 4378 4081 4447 εὐχαριστήριος

2556 4475 2717 4545 ὕμνος
2729 4472 2815 4524 διά
2840 4471 2945 4524 τῶν
2960 4470 3323 4541 προκειμένων
3352 4470 3688 4530 συνάπτεται,
3718 4468 3780 4518 ὲκ
3801 4465 4082 4535 προσώπου

2555 4562 2869 4632 λελεγμένος
2900 4558 3060 4612 αὐτοῦ
3104 4559 3195 4612 τοῦ
3234 4559 3495 4630 Σωτῆρος,
3527 4554 3960 4626 εὐχαριστοῦντος
4009 4555 4084 4624 τῷ

2559 4652 2746 4707 ἑαυτοῦ
2762 4652 2932 4720 Πατρὶ
2952 4648 3042 4702 ἐπὶ
3055 4650 3119 4717 τῇ
3148 4647 3359 4700 πάντων
3377 4646 3487 4699 τῶν
3513 4643 3807 4715 ἀνθρώπων
3831 4645 4081 4716 σωτηρίᾳ.

2572 4744 2636 4796 Ἢ
2661 4743 2766 4812 γὰρ
2789 4737 3158 4810 ἐξομολόγησίς
3176 4737 3285 4789 ἐστι
3308 4735 3402 4805 μὲν
3419 4735 3505 4788 ὅτε
3531 4732 3669 4787 κατὰ
3682 4734 3779 4804 τὴν
3812 4733 4084 4804 συνήθειαν

2560 4834 2655 4902 τῆς
2698 4832 2914 4903 Γραφῆς
2955 4826 3230 4901 ἁμαρτιῶν
3273 4825 3553 4895 ὁμολογίαν
3582 4824 3848 4894 σημαίνει,
3881 4824 3994 4876 ἔστι
4031 4825 4083 4877 δὲ

2559 4924 2644 4975 ὅτε
2662 4922 3002 4992 εὐχαριστίαν
3034 4918 3367 4989 παρίστησιν.
3384 4915 3585 4968 Αὐτίκα
3600 4916 3644 4968 δ’
3665 4912 3756 4968 οὖν
3779 4916 3836 4967 ὲν
3854 4915 4083 4982 Εὐαγγε-

2560 5012 2687 5073 λίοις
2705 5010 2863 5072 αὐτὸς
2881 5012 2909 5061 ὁ
2929 5007 3274 5079 Σωτὴρήμῶν
3293 5006 3453 5074 λέγει·
3472 5001 3952 5074 Ἐξομολογοῦμαί
3970 5016 4084 5061 σοι,

2562 5100 2765 5169 Πάτερ,
2802 5100 2971 5165 Κύριε
3001 5099 3103 5151 τοῦ
3152 5098 3403 5166 οὐρανοῦ
3426 5097 3521 5150 καὶ
3552 5093 3658 5163 τῆς
3688 5091 3820 5162 γῆς,
3846 5089 3932 5143 ὅτι
3984 5090 4082 5143 ἀπ-

2564 5188 2824 5257 έκρυψας
2854 5189 3033 5242 ταῦτα
3056 5188 3170 5243 ἀπὸ
3196 5188 3398 5256 σοφῶν
3424 5186 3517 5240 καί
3540 5181 3823 5242 συνετῶν,
3860 5178 3955 5233 καί
3979 5178 4081 5232 ἀπο

2566 5278 2867 5346 εκάλυψας
2882 5279 3029 5331 αὐτὰ
3050 5280 3298 5344 νηπίοις.
3332 5276 3461 5339 Ναί,
3494 5279 3526 5329 ό
3552 5271 3769 5337 Πατὴρ,
3798 5269 3883 5321 ὅτι
3908 5268 4080 5332 οὕτω(

2567 5369 2795 5438 ἐγένετο
2821 5368 3055 5421 εὐδοκία
3084 5368 3413 5436 ἔμπροσθέν
3424 5379 3556 5417 σου.
3585 5360 3779 5414 Πάντα
3802 5357 4083 5426 παρεδόθη

2562 5476 2661 5526 μοι
2710 5458 2826 5512 ὑπὸ
2867 5458 2969 5511 τοῦ
3020 5459 3263 5523 Πατρός.
3314 5455 3412 5509 καὶ
3458 5452 3651 5517 οὐδεὶς
3686 5450 3952 5518 γινώσκει
4002 5449 4083 5512 τίς

2567 5549 2776 5601 ἐστινό
2807 5548 2932 5612 Υἱὸς
2950 5551 2999 5601 εὶ
3019 5547 3101 5615 μὴ
3118 5550 3149 5601 ὀ
3176 5545 3389 5612 Παδὴρ,
3420 5544 3516 5597 καί
3538 5541 3815 5621 τίςέστιν
3836 5544 3868 5593 ὀ
3896 5536 4083 5604 Πατὴρ

2567 5640 2618 5690 εὶ
2647 5637 2727 5706 μὴ
2767 5642 2798 5691 ό
2822 5638 2965 5705 Υιὸς,
3001 5639 3094 5691 καὶ
3138 5630 3185 5701 ᾧ
3341 5634 3635 5699 ,ϐούληται
3662 5632 3694 5684 ὀ
3717 5628 3842 5695 Υἱὸς
3869 5627 4084 5685 Marsae
