4318 6442
243 522 376 576 13ιὸ

1362 519 1851 574 COMMENTARIA
1887 519 1951 574 IN
1990 519 2319 576 PSALMOS.

3250 527 3384 580 1546

227 631 436 698 λύψαι.
478 630 571 680 Ἐν
590 629 786 696 βουλῇ
816 628 929 681 τῶν
946 630 1124 697 ἁγίων
1149 631 1243 683 καί
1286 631 1616 701 συναγωγῇ.
1648 636 1760 685 Με-
1793 646 1833 700 Α
1861 633 1932 684 tib

1688 637 1760 685 te-
1793 646 1833 700 Α
1861 633 1953 684 tibi
1980 631 2123 685 Patri
2154 647 2271 686 meo
2305 631 2543 686 reddam.
2590 631 2685 689 His
2725 648 2886 702 porro
2916 635 3178 704 signiﬁcat
3207 636 3393 691 Eccle-

227 719 380 786 γάλα
412 719 481 772 τὰ
511 717 652 787 ἔργα
684 719 918 785 Κυρίου,
948 719 1330 787 ἐξεζητημένα
1354 723 1434 785 εἰς
1458 721 1647 773 πάντα
1689 722 1758 774 τὰ
1860 724 1932 776 sia

1690 722 1758 774 τὰ
1860 724 1991 776 siam
2018 724 2133 791 ejus
2165 725 2333 791 gratia
2360 739 2453 791 per
2501 731 2672 777 totum
2714 725 3241 793 orbemJMndatam;
3272 743 3395 782 con-

228 811 524 879 οελήματα
556 810 756 862 αὑτοῦ.
792 809 978 861 Οὐκέτι
1012 809 1231 861 σκολιῶν
1263 810 1466 877 ἀνδρῶν
1504 810 1619 862 οὐδὲ
1649 810 1759 862 δια-

230 903 491 972 στρόφων,
519 900 630 954 ὰλλ*
658 899 873 965 ἀγαθῶν
895 899 982 951 καὶ
1009 898 1222 951 εὐθειῶν
1260 898 1442 968 ψυχῶν
1477 899 1566 952 τὸν
1606 901 1761 968 εὐχα-

230 993 502 1062 ριστήριον
525 989 692 1060 ,ὕμνον
717 989 868 1041 δώσω
884 1005 964 1040 σοι
993 988 1068 1058 τῷ
1089 988 1319 1057 ἐμαυτοῦ
1354 989 1540 1058 Πατρί.
1569 991 1761 1059 Σημαί-

1861 815 2036 869 silium
2071 825 2246 870 autem
2292 826 2557 871 rectorum
2596 818 2806 871 vocavit
2835 819 3048 872 ordines
3078 834 3298 872 suorum
3337 819 3391 872 in

1863 905 2096 961 Ecclesia
2118 915 2458 971 sanctorum;
2485 907 2944 977 congregationem
2975 923 3117 970 vero,
3149 909 3392 962 ordinem

1863 997 2086 1049 alterum
2111 1006 2230 1065 post
2264 997 2550 1050 consilium
2586 1005 2858 1050 rectorum
2889 1006 3177 1065 nuncupat,
3223 999 3395 1066 quiin

230 1099 307 1133 νει
336 1081 393 1139 δὲ
435 1080 522 1138 διὰ
557 1081 761 1132 τούτων
807 1079 910 1148 τὴν
943 1078 1060 1131 καθ’
1113 1078 1238 1148 ὅλης
1290 1078 1385 1146 τῆς
1446 1079 1760 1149 οἰκουμένης
1870 1081 1935 1135 Ec

1681 1097 1760 1149 ρης
1870 1081 2104 1137 Ecclesia
2120 1085 2235 1151 ejus
2258 1085 2481 1137 alterum
2509 1069 2788 1138 constituit
2804 1086 3153 1139 multitudinis
3170 1095 3386 1139 emtum.

229 1171 529 1242 ἰδρυθεϊσαν
565 1171 651 1229 διὰ
709 1172 805 1240 τῆς
855 1171 1017 1230 αὐτοῦ
1064 1172 1275 1241 χάριτος
1325 1171 1661 1240 Ἐκκλησίαν.
1715 1173 1914 1240 Βουλὴν
1952 1177 2006 1228 δὲ
2040 1176 2236 1230 εὐθέων
2257 1177 2499 1246 ὠνόμασε
2558 1179 2624 1230 τὰ
2654 1179 2902 1247 τάγματα
2935 1179 3038 1232 τῶν
3075 1182 3130 1231 ὲν
3163 1182 3227 1249 τῇ
3275 1181 3393 1232 Ἐκ-

227 1266 425 1336 κλησίᾳ
457 1265 618 1319 αὐτοῦ
675 1265 861 1334 ἁγίων
899 1264 1212 1334 συναγωγὴν
1256 1265 1312 1318 δὲ
1363 1265 1606 1335 δεύτερον
1637 1267 1819 1334 τάγμα
1872 1271 2007 1338 μετὰ
2058 1270 2153 1341 τὴν
2199 1270 2386 1339 βουλὴν
2424 1270 2527 1324 τῶν
2569 1271 2764 1324 εὐθέων
2810 1273 3076 1341 σημαίνει,
3127 1273 3184 1324 τὸ
3226 1273 3282 1324 ὲν
3325 1274 3390 1340 τῇ
3424 1294 3427 1296 ·

240 1359 530 1429 Ἐκκλησία
557 1358 720 1414 αὑτοῦ
747 1358 991 1429 δεύτερον
1017 1359 1109 1413 τοῦ
1126 1358 1352 1429 πλήθους
1378 1359 1659 1430 ἄθροισμα.

313 1471 763 1540 Ἑξομολότιησις
790 1471 885 1523 καί
908 1469 1369 1539 μεγαλοπρέπεια
1396 1471 1458 1522 τὸ
1477 1471 1650 1539 ἔργον
1661 1473 1764 1524 αὺ-

228 1563 352 1626 τοῦ,
383 1564 476 1615 καί
513 1563 551 1629 ἡ
588 1561 929 1626 δικαιοσύνη
961 1562 1142 1615 αὐτοῦ
1164 1562 1324 1628 μένει
1353 1564 1437 1626 εἰς
1462 1562 1565 1613 τὸν
1583 1560 1764 1613 αἰῶνα

227 1655 332 1708 τοῦ
380 1652 607 1718 αἰῶνος.
651 1652 873 1706 Μνείαν
908 1651 1225 1716 ἐποιήσατο
1280 1652 1394 1704 τῶν
1425 1654 1762 1721 θαυμασίων

227 1745 430 1798 αὐτοῦ·
466 1742 731 1812 ἐλεήμων
761 1744 856 1798 καί
891 1744 1196 1812 οἰκτίρμων
1222 1747 1252 1798 ό
1273 1747 1498 1812 Κύριος,
1543 1744 1764 1813 τροφὴν

229 1833 411 1886 ἔδωκε
431 1831 555 1898 τοῖς
581 1831 964 1902 φοϐουμένοις
991 1833 1188 1885 αὐτόν.
1236 1834 1652 1900 Μνησθήσεται
1681 1836 1766 1899 εὶς

229 1923 336 1975 τὸν
365 1921 546 1975 αἰῶνα
596 1921 882 1989 διαθήκης
923 1922 1124 1977 αὐτοῦ’
1167 1924 1344 1991 ἰσχὺν
1379 1924 1561 1991 ἔργων
1587 1925 1766 1978 αὐτοῦ

230 2013 540 2081 ἀνήγγειλε
563 2011 644 2076 τῷ
672 2011 796 2077 λαῷ
819 2015 1021 2080 αὐτοῦ,
1050 2015 1153 2067 τοῦ
1168 2014 1370 2067 δοῦναι
1403 2015 1599 2080 αὐτοῖς
1622 2019 1766 2081 κλη-

229 2103 510 2170 ρονομίαν
535 2100 739 2156 ἐθνῶν·
772 2103 912 2170 ἔργα
951 2101 1159 2172 χειρῶν
1179 2103 1361 2156 αὐτοῦ
1399 2103 1641 2169 ἀλήθεια
1671 2104 1766 2155 καί

231 2191 446 2258 κρίσις.
496 2191 704 2244 Πισταί
757 2189 942 2245 πᾶσαι
995 2194 1054 2244 αἰ
1091 2192 1325 2244 ἐντολαὶ
1372 2193 1574 2255 αὐτοῦ,
1592 2194 1768 2260 ἐστη-

220 2274 494 2348 ’ριτμέναι
512 2281 597 2344 εἰς
619 2277 723 2332 τὸν
745 2279 925 2332 αἰῶνα
971 2279 1075 2333 τοῦ
1125 2279 1354 2344 αἰῶνος,
1391 2281 1770 2348 πεποιημέναι

235 2370 305 2422 ὲν
329 2369 575 2436 ἀληθείᾳ
601 2368 695 2422 καί
713 2370 1002 2436 εὐθύτητι.
1024 2371 1326 2438 Λύτρωσιν
1351 2370 1661 2424 ἀπέστειλε
1693 2371 1771 2435 τῷ

233 2459 359 2526 ,1αῷ
402 2460 607 2524 αὐτοῦ,
651 2460 980 2515 ἐνετείλατο
1025 2463 1112 2526 εἰς
1157 2461 1262 2514 τὸν
1282 2461 1460 2513 αἰῶνα
1489 2460 1772 2527 διαθήκην

232 2552 434 2608 αὐτοῦ.
455 2553 657 2620 Ἀγιον
674 2551 771 2604 καὶ
799 2551 1048 2620 φοϐερὸν
1079 2550 1144 2604 τὸ
1174 2550 1355 2617 ὄνομα
1384 2550 1582 2602 αὑτοῦ·
1617 2550 1770 2618 ἁρχὴ

233 2645 451 2713 σοφίας
489 2643 666 2712 φόϐος
700 2642 940 2708 Κυρίου.
971 2642 1212 2710 Μήποτε,
1242 2640 1364 2691 ἐπεὶ
1396 2643 1424 2691 ὁ
1452 2640 1773 2709 φοϐούμενος

233 2735 353 2788 οὔτε
368 2733 660 2797 τελείωται,
693 2733 726 2801 ἡ
765 2731 862 2800 μὲν
886 2730 1157 2800 εἰσαγωγὴ
1180 2729 1265 2783 διὰ
1297 2730 1456 2797 φόϐου
1483 2730 1773 2800 κατορθοῖ»-

233 2844 340 2888 ται,
374 2825 436 2878 τὸ
469 2824 526 2877 δὲ
575 2823 722 2885 τέλος
751 2822 816 2874 δι’
840 2822 1086 2891 ἀγάπηςς
1118 2821 1156 2886 ἡ
1199 2821 1305 2891 γὰρ
1349 2823 1545 2874 τελεία
1576 2822 1772 2890 ἀγάπη

233 2916 347 2980 ἐξω
367 2914 587 2979 ,ϐάλλει
612 2913 718 2966 τὸν
731 2914 930 2980 φόϐον.
965 2910 1210 2974 Τοιοῦτος
1240 2911 1284 2963 δ’
1307 2911 1373 2964 ἂν
1391 2912 1473 2981 εῐη
1507 2913 1535 2964 ὁ
1566 2911 1624 2975 ἐξ
1651 2912 1775 2981 ὅλης

233 3005 454 3077 καρδίας
481 3005 574 3057 καὶ
603 3003 776 3074 ψυχῆς
795 3002 886 3056 καὶ
913 3001 1187 3072 δυνάμεως
1208 2992 1433 3069 ἀγαπῶν
1461 3001 1660 3071 Κύριον
1687 3001 1776 3054 τὸν

233 3096 385 3148 Θεὸν.
413 3095 661 3158 Σύνεσις
683 3092 750 3145 δὲ
768 3091 954 3162 ἀγαθὴ
969 3090 1116 3145 πᾶσι
1130 3090 1247 3156 τοῖς
1271 3090 1546 3144 ποιοῦσιν
1565 3089 1772 3156 αὑτήν.

244 3186 308 3240 Ἠ
324 3185 554 3251 αἰνεσις
566 3183 747 3238 αὑτοῦ
772 3186 935 3250 uertet
964 3201 1049 3248 εις
1078 3182 1183 3234 τὸν
1205 3179 1384 3234 αἰῶνα
1405 3182 1508 3235 τοῦ
1543 3179 1771 3246 αἰῶνος.

234 3278 390 3347 [alii
425 3277 632 3338 σύνεσις
671 3276 788 3327 τότε
820 3275 995 3344 αγαθὴ
1028 3273 1299 3343 τυγχάνει,
1332 3274 1417 3326 ὅτε
1440 3273 1619 3344 ἔργοις
1653 3273 1774 3324 ὲπι-

234 3366 483 3419 τελεῖται’
517 3365 595 3416 διὸ
645 3364 741 3434 τὴν
766 3362 974 3416 σύνεσιν
1025 3363 1122 3432 οὐχ
1165 3362 1343 3425 ἁπλῶς
1373 3363 1578 3433 ἀγαθὴν
1604 3358 1772 3424 εἶπεν,

1798 1967 1840 2020 Β

1901 1465 1903 1467 ’
1937 1469 2100 1523 Vens.
2134 1470 2298 1523 4-1οέ
2321 1470 2587 1536 Confessio
2616 1479 2665 1524 et
2692 1473 3072 1542 magniﬁcentia
3108 1487 3230 1539 opus
3259 1473 3392 1542 ejus,

1865 1571 1914 1614 et
1948 1562 2158 1629 iustitia
2186 1562 2297 1628 ejus
2326 1575 2492 1614 manet
2520 1564 2570 1614 in
2596 1564 2844 1616 steculum
2871 1565 3067 1617 saeculi.
3092 1563 3393 1618 Memoriam

1865 1653 1985 1720 fecit
2012 1651 2330 1704 mirabilium
2359 1669 2570 1705 suorum
2601 1654 2888 1707 misericors
2927 1663 2974 1707 et
2997 1655 3269 1708 miserator
3295 1655 3397 1708 Do-

1867 1742 2056 1799 minus.
2084 1757 2250 1794 escam
2269 1742 2410 1793 dedit
2441 1743 2736 1796 timentibus
2771 1759 2842 1796 se.
2869 1741 3069 1797 Memor
3096 1743 3193 1797 erit
3219 1746 3270 1797 in
3295 1761 3396 1799 sa:-

1869 1833 2039 1884 culum
2069 1833 2357 1885 testamenti
2387 1832 2468 1885 sui
2496 1848 2512 1885 :
2540 1833 2775 1886 virtutem
2812 1849 3021 1901 operum
3061 1851 3273 1887 suorum
3300 1851 3397 1889 an-

1871 1924 2123 1975 nuntiam’t
2165 1923 2353 1991 populo
2401 1940 2528 1987 suo;
2559 1933 2612 1975 ut
2644 1924 2728 1977 det
2766 1925 2873 1977 illis
2899 1924 3248 1978 [nereditatem
3275 1940 3396 1994 gen-

1868 2013 1995 2065 tium
2017 2028 2202 2080 sopora
2225 2029 2468 2064 manuum
2487 2014 2598 2080 ejus
2619 2014 2804 2067 veritas
2821 2022 2868 2065 et
2881 2014 3159 2081 judicium.
3191 2014 3400 2067 Fidelia

1868 2103 2042 2154 omnia
2065 2101 2314 2154 mandata
2339 2102 2473 2170 ejus,
2509 2104 2816 2170 conﬁrmata
2839 2104 2890 2155 in
2917 2103 3164 2156 steculum
3195 2106 3396 2166 saeculi,

1866 2193 2006 2259 facta
2023 2192 2074 2243 in
2091 2193 2192 2244 veri
2199 2199 2300 2244 tate
2311 2200 2358 2244 et
2377 2192 2631 2260 (equitate.
2649 2189 3050 2259 Redemptionem
3067 2191 3398 2259 misitpopulo

1867 2298 1979 2345 suo,
1997 2281 2254 2334 mandavit
2272 2283 2326 2333 in
2344 2291 2589 2335 a’ternum
2610 2289 2963 2335 testamentum
2975 2280 3399 2334 suum.Sanctum

1866 2381 1913 2425 et
1951 2373 2175 2426 terribile
2207 2389 2389 2426 nomen
2417 2373 2530 2439 ejus
2560 2387 2577 2424 :
2604 2374 2804 2426 initium
2837 2372 3100 2440 sapientiae
3125 2371 3277 2422 timor
3302 2371 3400 2424 Do-

1869 2463 2016 2516 mini.
2050 2461 2186 2515 Num
2211 2462 2366 2526 forte,
2401 2464 2656 2533 quoniam
2684 2465 2776 2534 qui
2811 2463 2959 2516 timet
2998 2478 3103 2516 non
3132 2461 3401 2532 perfectus

1867 2560 1972 2614 est,
2033 2554 2267 2606 initiatio
2318 2570 2416 2624 per
2467 2555 2731 2618 timorem,
2778 2555 3169 2610 consummatio
3203 2569 3297 2622 per
3321 2553 3402 2607 di-

1870 2640 2150 2694 lectionem
2171 2641 2570 2696 emcitur?Nam
2591 2643 2815 2710 perfecta
2833 2642 3058 2694 charitas
3080 2643 3222 2709 foras
3249 2642 3404 2694 mittit

1872 2729 2106 2782 timorem
2136 2730 2202 2781 ".
2257 2729 2404 2784 Talis
2464 2740 2643 2785 autem
2698 2729 2859 2784 fuerit
2897 2731 3142 2800 quisquis
3182 2748 3247 2786 ex
3293 2739 3406 2786 toto

1872 2817 2052 2882 corde,
2089 2825 2200 2870 tota
2230 2819 2405 2871 anima
2447 2829 2499 2873 et
2549 2818 2744 2872 virtute
2773 2818 3056 2872 Dominum
3088 2818 3256 2872 Deum
3290 2817 3406 2873 dili-

1870 2910 1964 2978 git.
2002 2909 2296 2963 Intellectus
2323 2909 2480 2963 bonus
2514 2910 2745 2963 omnibus
2779 2909 3080 2976 facientibus
3097 2927 3236 2964 eum.
3263 2908 3405 2964 Lau-

1872 3001 2013 3052 datio
2053 3001 2162 3068 ejus
2200 3011 2370 3054 manet
2400 3001 2455 3054 in
2485 3002 2727 3055 saxulum
2753 3003 2948 3054 seaculi.
2979 2999 3129 3055 Tunc
3150 3001 3291 3056 bona
3321 3001 3406 3056 in-

1873 3091 2163 3161 telligentia
2191 3099 2271 3146 est
2290 3131 2305 3157 ,
2339 3092 2555 3162 quando
2586 3092 2838 3162 operibus
2876 3093 3170 3162 completur
3201 3111 3214 3146 :
3239 3107 3407 3162 quare

1877 3196 1991 3236 non
2021 3182 2152 3235 dixit
2184 3190 2391 3238 tantum
2426 3183 2824 3257 intelligentiam
2858 3184 3082 3246 bonam,
3120 3183 3214 3238 sed
3244 3183 3406 3236 etiam

1874 3274 2122 3328 omnibus
2153 3272 2474 3328 facientibus
2501 3269 2644 3330 eam.
2698 3273 2957 3327 Laudatio
2998 3274 3107 3343 ejus
3145 3281 3314 3327 manet
3352 3274 3407 3325 in

1877 3366 2347 3421 sweulumsteculi.
2381 3365 2530 3422 Finis
2567 3365 2707 3420 enim
2738 3367 3009 3420 beatorum
3048 3374 3150 3429 est,
3178 3375 3237 3418 ut
3268 3365 3406 3434 apud

235 3454 370 3509 ἀλλὰ
408 3456 540 3508 πᾶσι
569 3456 678 3517 τοῖς
716 3452 954 3507 ποιοῦσιν
1003 3455 1188 3522 αὐτήν.
1227 3455 1287 3510 Ἠ
1335 3455 1560 3520 αἰνεσις
1592 3457 1773 3510 αὑτοῦ
1880 3456 1940 3510 De

1705 3457 1773 3510 οὗ
1880 3456 2043 3511 Deum
2067 3457 2194 3521 sint,
2228 3465 2281 3514 et
2306 3457 2409 3526 ipsi
2437 3454 2713 3524 assistant,
2751 3456 2956 3525 solique
2993 3456 3110 3525 ejus
3132 3456 3410 3526 theologia:

235 3544 398 3611 μένει
419 3547 505 3609 εἰς
547 3544 649 3597 τὸν
677 3543 859 3598 αἰῶνα
897 3544 1003 3597 τοῦ
1046 3543 1275 3609 αἰῶνος.
1315 3545 1477 3608 Τέλος
1521 3545 1627 3617 γὰρ
1668 3545 1775 3600 τῶν
1879 3556 1932 3604 et

636 3560 649 3574 ·
677 3543 859 3598 αἰῶνα
897 3544 1003 3597 τοῦ
1046 3543 1275 3609 αἰῶνος.
1315 3545 1477 3608 Τέλος
1521 3545 1627 3617 γὰρ
1668 3545 1775 3600 τῶν
1879 3556 1932 3604 et
1965 3547 2104 3602 laudi
2131 3553 2341 3603 vacent.

240 3631 518 3703 μακαρίων
548 3633 607 3686 τὸ
637 3631 769 3704 πρὸς
813 3631 903 3685 τὸν
947 3633 1076 3684 Θεὸν
1115 3628 1269 3697 εἶναι,
1321 3633 1411 3686 καὶ
1443 3611 1776 3704 παρεστάναι
1833 3639 1997 3709 αὐτῷ,
2040 3640 2132 3693 καὶ
2163 3639 2296 3712 μόνῃ
2331 3639 2394 3709 τῇ
2441 3635 2600 3690 αὐτοῦ
2630 3611 2869 3705 θεολογίᾳ
2911 3635 3002 3688 καὶ
3048 3633 3247 3710 αἰνέσει
3287 3651 3443 3705 σχο-οξ

239 3721 441 3786 λάζειν.

741 3833 1150 3898 ΔΛΛΗΛΟΥΙΑ.
1191 3836 1334 3888 ΡΙΔ’.

305 3924 603 3994 Μακάριος
649 3923 802 3991 ἀνὴρ
847 3927 879 3977 ὀ
923 3926 1283 3994 φοϐούμενος
1301 3923 1405 3980 τὸν
1448 3930 1685 3998 Κύριον,
1714 3932 1781 3984 ὲν

240 4018 367 4084 ταῖς
393 4015 660 4081 ἐντολαῖς
681 4014 862 4069 αὐτοῦ
891 4015 1128 4084 θελήσει
1155 4017 1403 4084 σφόδρα.
1427 4020 1687 4074 Δυνατὸν
1713 4021 1781 4076 ὲν

241 4106 316 4176 τῇ
345 4105 422 4175 τῇ
454 4106 618 4158 ἔσται
648 4104 715 4157 τὸ
745 4103 976 4172 σπέρμα
997 4102 1204 4166 αὐτοῦ,
1236 4103 1406 4171 γενεὰ
1438 4105 1652 4160 εὐθέων
1688 4109 1782 4159 εὐ-

241 4196 655 4266 λογηθήσεται.
691 4194 842 4258 Δόξα
877 4196 973 4248 καί
1006 4196 1262 4262 πλοῦτος
1296 4197 1366 4249 ἐν
1399 4196 1476 4260 τῷ
1503 4199 1642 4264 οἴκῳ
1676 4201 1782 4252 αὐ-

241 4287 368 4352 τοῦ,
398 4285 494 4338 καί
535 4286 574 4352 ή
590 4284 941 4351 δικαιοσύνη
967 4284 1148 4338 αὐτοῦ
1171 4286 1336 4354 μένει
1360 4288 1446 4352 εἰς
1477 4287 1580 4340 τὸν
1605 4288 1784 4341 αἰῶνα

242 4377 350 4431 τοῦ
387 4375 613 4440 αἰῶνος.
645 4374 826 4438 Οὕτως
853 4374 1002 4428 εἴωθε
1027 4375 1209 4429 καλεῖν
1242 4378 1413 4430 πάντα
1432 4375 1522 4429 τὸν
1543 4377 1601 4441 ἐξ
1621 4377 1784 4431 ἐθνῶν

243 4466 530 4538 προσιόντα
559 4464 635 4535 τῷ
663 4464 799 4535 Θεῷ.
822 4466 1147 4536 Παρίσταται
1170 4465 1226 4518 δὲ
1252 4467 1408 4520 τοῦτο
1436 4468 1540 4521 ἀπὸ
1587 4467 1679 4521 τοῦ
1705 4470 1780 4522 δι-

243 4557 583 4628 ισταλμένως
613 4557 748 4627 μετὰ
775 4557 864 4610 τὸν
881 4557 1088 4629 Ἰσραὴλ
1119 4560 1211 4610 καὶ
1237 4559 1371 4629 μετὰ
1399 4559 1487 4612 τὸν
1505 4555 1782 4614 οἷκονἊα-

2381 3832 2735 3888 ALLELUIA.
2772 3829 2905 3886 CXI.

1955 3925 2111 3981 VEIS.
2147 3926 2258 3980 1-5.
2313 3924 2504 3978 Beatus
2556 3925 2633 3976 vir
2687 3924 2774 3992 qui
2823 3923 2966 3976 timet
3012 3921 3309 3989 Dominum,
3356 3928 3415 3981 in

1882 4014 2143 4068 mandatis
2164 4012 2274 4079 ejus
2301 4012 2431 4065 volet
2469 4011 2642 4064 nimis.
2670 4008 2858 4064 Potens
2881 4011 2936 4063 in
2967 4019 3104 4064 terra
3127 4015 3224 4065 erit
3244 4030 3413 4068 semen

1880 4108 2013 4176 ejus,
2053 4105 2310 4174 generatio
2341 4112 2596 4156 rectorum
2625 4102 2980 4156 benedicatur;
3022 4102 3202 4157 Gloria
3238 4115 3286 4158 et
3329 4105 3413 4159 di-

1880 4196 2018 4250 vitia:
2049 4197 2103 4248 in
2123 4195 2275 4246 domo
2307 4193 2439 4261 ejus,
2463 4201 2510 4246 et
2535 4193 2745 4274 justitia
2765 4192 2877 4255 eius
2898 4202 3068 4247 manet
3088 4194 3141 4247 in
3167 4195 3413 4248 sa'culum

1881 4290 2080 4346 seculi.
2134 4289 2212 4342 lta
2247 4290 2384 4345 solet
2431 4288 2697 4357 appellare
2728 4301 2916 4342 omnes
2943 4289 3033 4358 qui
3068 4303 3133 4342 ex
3165 4288 3415 4358 gentibus

1894 4382 1960 4436 ad
2012 4380 2176 4435 Deum
2204 4379 2483 4448 accedunt.
2507 4379 2562 4431 td
2583 4384 2709 4432 vero
2737 4377 3036 4431 declaratur
3063 4392 3125 4431 ex
3153 4380 3236 4441 eo,
3271 4379 3415 4452 quod

1883 4472 2133 4526 distincte
2169 4477 2289 4540 post
2313 4469 2588 4531 lsraelem,
2620 4477 2740 4537 post
2787 4467 3004 4522 domum
3055 4465 3304 4535 Aaronis,
3360 4479 3414 4524 et

1884 4571 2007 4633 post
2033 4562 2248 4616 domum
2295 4559 2442 4622 Levi,
2479 4559 2727 4612 timentes
2752 4555 3031 4609 Dominum
3061 4557 3127 4616 ad
3159 4558 3415 4627 hymnum

247 4649 376 4720 ρὼν,
407 4649 497 4702 καὶ
532 4649 665 4718 μετὰ
692 4647 781 4700 τὸν
809 4643 950 4701 οἷκον
978 4649 1126 4712 Λευῒ,
1155 4649 1278 4712 τοὺς
1305 4649 1659 4721 φοϐουμένους
1693 4651 1782 4704 τὸν
1813 4642 1855 4668 ν
1883 4654 1952 4706 De

1710 4651 1782 4704 τὸν
1813 4642 1855 4668 ν
1883 4653 1976 4706 Dei
2006 4659 2382 4721 provocentur,
2418 4655 2476 4701 ut
2521 4647 2644 4701 alibi
2687 4646 2903 4699 dicitur.
2963 4642 3086 4698 Post
3119 4644 3238 4700 illos
3274 4645 3415 4699 enim

246 4738 445 4808 Κύριον
477 4739 566 4790 ἐπὶ
594 4739 680 4790 τὸν
712 4737 875 4809 ὕμνον
900 4740 1000 4802 τοῦ,
1026 4738 1158 4792 Θεοῦ
1185 4741 1475 4804 καλεῖσθαι,
1500 4743 1573 4803 ὼς
1598 4744 1653 4794 ἐν
1674 4742 1786 4794 ἐτέ-

1879 4743 2094 4813 quinam
2129 4738 2204 4792 illi
2238 4737 2517 4790 Dominum
2546 4735 2792 4788 timentes
2823 4747 2942 4787 esse
2967 4740 3202 4800 possent,
3227 4734 3330 4786 nisi
3351 4750 3415 4788 es

248 4843 360 4898 ροις
388 4828 617 4897 εἴρηται.
655 4831 808 4892 Τίνες
837 4831 942 4902 γὰρ
974 4832 1036 4884 ἂν
1065 4828 1172 4885 εἷεν
1211 4832 1344 4902 μετὰ
1365 4832 1580 4896 τούτους
1616 4835 1663 4885 οἰ
1696 4851 1787 4902 φο-
1880 4849 1953 4904 ge]

1715 4851 1787 4901 ρο-
1880 4833 2128 4904 gentibus
2179 4827 2445 4898 peregrini
2471 4834 2524 4880 et
2553 4824 2900 4894 alienigenae?
2927 4822 3109 4892 Itaque
3139 4825 3192 4875 in
3217 4824 3420 4891 psalmo

244 4915 494 4986 σούμενοι
516 4917 604 4969 τὸν
632 4920 830 4990 Κύριον
854 4923 966 4974 ἀλλ’
996 4923 1027 4992 ἢ
1049 4924 1098 4975 οἰ
1123 4922 1181 4986 ἐξ
1202 4923 1364 4976 ἐθνῶν
1397 4923 1676 4992 ἀλλόφυλοι
1699 4925 1788 4976 καὶ
1882 4942 1949 4994 qu

1712 4925 1788 4976 ιαὶ
1882 4941 2039 4994 quem
2073 4927 2387 4980 tractamus,
2413 4931 2519 4970 non
2553 4916 2693 4970 alius
2723 4914 2880 4968 fuerit
2914 4915 3141 4982 populus
3171 4916 3263 4981 qui
3289 4914 3417 4968 bea-

246 5005 582 5074 ἀλλογενεϊςς
616 5009 818 5062 Οὐκοῦν
867 5014 923 5064 ὲν
957 5030 1032 5083 τῳ
1065 5015 1198 5084 μετὰ
1248 5018 1432 5084 χεῖρας
1469 5014 1661 5085 ψαλμῷ
1693 5017 1790 5068 οὑκ
1884 5025 1951 5070 tu:

1710 5017 1790 5068 δὺκ
1884 5025 1971 5070 tus
1997 5013 2335 5085 praedicatur,
2365 5009 2432 5061 ab
2458 5022 2523 5061 eo
2551 5007 2643 5075 qui
2672 5021 2738 5060 ex
2764 5005 3013 5075 gentibus
3036 5003 3100 5057 ad
3129 5003 3296 5056 Deum
3322 5019 3415 5056 ac-

248 5096 405 5159 ᾶλλος
434 5113 515 5160 τις
537 5097 600 5149 ἂν
623 5100 706 5168 εἰη
730 5102 758 5153 ὁ
786 5103 1210 5175 μακαριζόμενος
1238 5105 1329 5158 τοῦ
1357 5105 1413 5171 ἐξ
1433 5105 1597 5158 ἐθνῶν
1622 5123 1786 5176 προσ-

246 5186 560 5257 εληλυθότος
591 5186 666 5257 τῷ
691 5188 809 5258 Θεῷ
840 5191 965 5244 λαοῦ
985 5211 997 5223 ·
1025 5196 1201 5249 ὅντινα
1244 5195 1494 5266 ὀνομάζει
1535 5184 1787 5265 φοϐούμε-

247 5293 338 5330 νον
363 5277 452 5366 τὸν
472 5277 690 5349 Κύριον.
714 5281 787 5332 Οὐ
815 5281 917 5351 μὴν
945 5284 1043 5354 ἤδη
1072 5303 1170 5338 που
1201 5286 1460 5357 μακάριος
1482 5288 1510 5338 ὁ
1533 5286 1794 5366 τοιοῦτος,

249 5367 300 5418 εἰ
331 5365 404 5436 μὴ
435 5367 606 5419 καὶτὸ
629 5367 752 5439 ἑξῆς
778 5371 952 5424 αὐτῶν
978 5378 1234 5429 ἐποιεῖτο·
1262 5376 1500 5430 τουτέστι
1521 5377 1580 5428 τὸ
1603 5378 1658 5428 ὲν
1682 5365 1798 5440 ταῖς

251 5457 488 5521 ἐντολαῖς
528 5459 687 5512 αὐτοῦ
725 5460 894 5516 θέλειν
923 5467 1141 5537 σφόδρα,
1176 5467 1428 5536 ἀσφαλῶς
1453 5467 1506 5519 δὲ
1540 5467 1600 5519 τὸ
1631 5468 1798 5520 θέλειν

252 5547 527 5618 κέκτηται,
563 5547 638 5610 ὡς
675 5549 740 5602 ἂν
769 5551 841 5621 μή
870 5554 1168 5624 ἐπάναγκες
1193 5559 1326 5630 μηδὲ
1364 5558 1510 5628 παρὰ.
1544 5557 1794 5628 προαίρε-

221 5712 224 5715 _
255 5656 340 5692 σιν
380 5637 688 5706 φυλάττοιτο
719 5659 797 5704 τις
827 5644 924 5706 τὰς
963 5648 1194 5716 ἐντολὰς,
1235 5651 1347 5705 ἀλλ’
1381 5648 1671 5718 ἐθελοντὴς,
1701 5651 1794 5702 καὶ

1887 5105 2048 5160 cessit
2083 5121 2097 5156 :
2128 5114 2287 5171 quem
2321 5097 2554 5167 appellat
2581 5096 2858 5150 timentem
2891 5093 3195 5146 Dominum.
3235 5090 3419 5161 Neque

1889 5204 2067 5250 tamen
2109 5192 2197 5245 ille
2229 5189 2408 5244 statim
2455 5187 2666 5250 beatus,
2717 5185 2822 5238 nisi
2858 5198 2976 5252 quae
3018 5191 3316 5251 sequuntur
3346 5183 3418 5237 fe-

1896 5285 2066 5348 cerit;
2117 5281 2169 5335 id
2201 5288 2282 5333 est
2312 5285 2369 5331 ut
2398 5275 2647 5330 mandata
2677 5274 2795 5342 eius
2822 5271 2974 5326 valde
2999 5273 3199 5342 cupiat,
3235 5287 3296 5325 ac
3329 5288 3418 5326 vo-

1897 5376 2154 5430 luntatem
2185 5368 2407 5424 ﬁrmiter
2455 5373 2662 5428 teneat;
2693 5378 2791 5416 nec
2822 5369 3065 5425 coactus,
3116 5371 3207 5414 aut
3233 5369 3417 5428 prattel

1898 5461 2060 5517 animi
2100 5457 2345 5513 aﬁ'ectum
2398 5452 2647 5507 mandata
2695 5451 2981 5520 custodiat,
3025 5449 3118 5506 sed
3171 5450 3340 5503 libens
3371 5459 3422 5503 et

1897 5554 2018 5609 cum
2059 5549 2333 5604 alacritate
2385 5543 2793 5612 complectatur,
2853 5555 2916 5595 ac
2971 5542 3179 5596 sincere
3237 5541 3419 5613 diligat

1895 5644 2267 5700 mandatorum
2297 5638 2389 5691 Dei
2424 5634 2873 5689 observationem.

258 5731 394 5804 μετὰ
421 5731 512 5785 τοῦ
547 5733 786 5804 στέργειν
820 5738 913 5792 σὺν
953 5743 1096 5817 πάσῃ
1137 5745 1411 5817 προθυμίᾳ
1441 5743 1530 5796 καὶ
1558 5742 1788 5813 γνησίως
1816 5741 2027 5810 ἀγαπᾷν
2060 5737 2151 5806 τὴν
2175 5734 2278 5788 τῶν
2302 5730 2522 5786 ἐντολῶν
2544 5727 2632 5781 τοῦ
2663 5725 2794 5780 Θεοῦ
2824 5725 3077 5796 φυλακήν.

327 5888 381 5951 ’⁸,
409 5885 426 5939 ι
458 5884 608 5941 Joan.
643 5903 713 5950 tv.
753 5890 834 5945 18.
