4318 6408
855 474 982 532 15ιί7

914 589 1079 645 VEns.
1110 590 1227 644 4-6.
1264 590 1512 643 Exortum
1543 601 1620 645 est
1658 593 1710 646 in
1739 592 1959 646 tenebris
1995 593 2161 647 lumen
2204 596 2376 659 rectis,
2411 603 2452 657 Α

851 682 1136 735 misericors
1158 693 1204 736 et
1231 684 1504 736 miserator
1522 694 1569 738 et
1583 685 1780 752 justus.
1836 685 1886 739 Is
1908 686 1998 755 qui
2026 687 2211 740 beatus
2245 701 2379 755 pra:-

849 773 1074 842 dicatur,
1108 775 1380 844 proprium
1423 775 1603 829 lumen
1660 792 1766 831 non
1811 777 2032 840 deserit,
2085 777 2382 831 doctrinam

849 877 995 917 suam
1025 881 1131 919 non
1166 866 1440 928 omnibus,
1471 868 1565 919 sed
1609 869 1771 921 rectis
1804 868 2002 921 exoriri
2047 866 2271 930 iaciens,
2320 883 2381 922 ac

847 967 1019 1011 iumen
1053 958 1374 1028 cognitionis
1415 959 1562 1012 intus
1622 959 1676 1012 in
1739 967 2008 1013 rectorum
2043 961 2382 1029 generatione

845 1048 1102 1117 praebens,
1123 1064 1185 1103 ac
1216 1057 1391 1104 rectos
1421 1051 1749 1105 illuminans.
1770 1051 2053 1105 Iucundus
2069 1053 2146 1105 vir
2164 1053 2253 1120 qui
2284 1053 2381 1104 mi-

845 1149 1036 1192 seretur
1075 1149 1125 1193 et
1152 1139 1462 1217 commodat.
1487 1139 1604 1194 Non
1637 1142 1874 1196 occludit
1907 1142 2111 1195 viscera
2139 1155 2256 1204 sua,
2287 1140 2380 1194 sed

841 1231 976 1284 bona
1007 1246 1103 1285 sua
1140 1232 1419 1301 egentibus
1451 1231 1688 1300 impertit
1724 1251 1735 1285 :
1769 1232 1894 1301 quia
1921 1232 2024 1286 hoc
2056 1241 2377 1301 prmceptum

840 1322 1025 1392 implet
1052 1342 1061 1374 :
1090 1323 1220 1388 Quis
1245 1335 1319 1376 est
1341 1324 1512 1392 ﬁdelis
1540 1333 1587 1377 et
1603 1325 1825 1393 prudens
1861 1341 2172 1387 teconomus,
2210 1327 2296 1394 qui
2326 1325 2377 1378 in

839 1421 1061 1479 tempore
1093 1414 1348 1466 conservis
1387 1413 1532 1466 dabit
1592 1415 1752 1466 tritici
1793 1417 2138 1468 mensuram?
2187 1414 2376 1466 Beatus

837 1503 924 1557 ille
953 1520 1126 1557 servus
1158 1521 1305 1574 quem
1332 1520 1449 1558 cum
1477 1505 1664 1557 venerit
1705 1504 1945 1558 dominus
1978 1506 2110 1568 eius,
2158 1506 2375 1558 inveniet

836 1595 913 1647 sic
939 1593 1232 1662 facientem.
1269 1593 1393 1648 Vere
1423 1594 1537 1649 dico
1565 1596 1723 1658 vobis,
1754 1595 1999 1663 quoniam
2025 1612 2176 1663 super
2203 1598 2375 1649 omnia

835 1683 967 1736 bona
1002 1702 1099 1738 sua
1131 1687 1406 1739 constituet
1435 1702 1551 1739 eum
1582 1687 1646 1740 ⁸⁷.
1689 1685 1938 1755 Disponet
1971 1703 2232 1741 sermones
2256 1705 2376 1742 suos

834 1777 887 1829 in
906 1775 1266 1846 judicio,quia
1292 1777 1343 1830 in
1378 1787 1627 1831 (eternium
1649 1794 1751 1830 non
1773 1777 2192 1834 commovebitur.
2210 1778 2375 1844 Talis,

833 1868 1029 1938 inquit,
1056 1869 1235 1932 homo,
1259 1878 1311 1924 et
1337 1871 1428 1940 qui
1464 1871 1592 1924 talia
1625 1870 1756 1940 agit,
1798 1886 1973 1940 neque
2003 1871 2179 1935 cadet,
2205 1888 2378 1941 neque

832 1960 1256 2014 commovebitur
1293 1976 1323 2014 a
1355 1975 1451 2015 sua
1482 1975 1644 2030 supra
1702 1970 1910 2030 petram
1957 1961 2210 2016 statione.
2258 1961 2376 2016 Non

830 2049 971 2102 enim
1011 2049 1314 2119 principum
1365 2049 1538 2105 minas
1599 2050 1990 2114 rei'ormidabit,
2051 2066 2158 2106 non
2215 2052 2376 2121 perti-

829 2149 1030 2195 mescet
1058 2157 1171 2204 eos,
1204 2143 1296 2211 qui
1326 2141 1380 2195 in
1416 2150 1658 2212 tempore
1687 2142 2009 2198 calamitatis
2055 2158 2114 2199 se
2149 2151 2374 2198 contur-

829 2229 957 2284 bare
986 2245 1049 2285 ac
1070 2230 1402 2286 confundere
1428 2241 1712 2286 conantur.

903 2425 1058 2477 \sns.
1087 2422 1141 2487 7,
1170 2423 1224 2477 8.
1259 2420 1324 2474 In
1347 2422 1598 2475 memoria
1621 2429 1816 2476 (eterna
1836 2436 1934 2476 erit
1959 2421 2244 2490 Justus,'ao
2271 2439 2368 2474 au-

824 2513 1020 2564 ditione
1048 2511 1190 2564 mala
1220 2527 1320 2564 non
1351 2511 1566 2565 timebit.
1601 2509 1716 2565 Non
1759 2526 1821 2565 es
1859 2512 2037 2566 verbis
2084 2512 2368 2578 mendacii,

823 2620 941 2675 qua:
969 2604 1246 2658 veritatem
1281 2604 1498 2672 quidem
1543 2603 1864 2672 praeferunt,
1913 2605 2008 2658 sed
2047 2616 2232 2658 contra
2277 2586 2370 2659 Dei

823 2696 1183 2766 cognitionem
1239 2699 1359 2749 sese
1397 2700 1674 2757 cxserunt,
1723 2694 1931 2748 sinistri
1971 2695 2243 2764 quidpiam
2278 2711 2371 2764 pa-

821 2790 1008 2852 tietur,
1044 2795 1231 2858 utpote
1263 2785 1520 2840 fundatus
1563 2800 1726 2854 supra
1759 2793 1989 2854 petram,
2047 2801 2204 2856 quem
2235 2787 2370 2840 nihil

819 2895 1074 2952 separare
1103 2881 1274 2949 possit
1304 2894 1334 2932 a
1367 2877 1630 2932 charitate
1660 2876 1775 2939 Dei,
1807 2893 1926 2947 qua:
1958 2885 2041 2932 est
2068 2880 2122 2931 in
2154 2877 2368 2932 Christo

817 2971 968 3028 Jesu.
1021 2970 1281 3025 Paratum
1322 2986 1410 3022 cor
1443 2969 1556 3038 ejus
1583 2983 1793 3037 sperare
1818 2970 1874 3021 in
1905 2969 2149 3033 Domino,
2179 2971 2368 3038 conﬁr-

818 3071 1021 3115 matum
1072 3069 1149 3114 est
1207 3075 1299 3112 cor
1350 3058 1461 3126 ejus
1505 3073 1522 3110 :
1577 3074 1679 3110 non
1750 3058 2148 3111 commovebitur
2209 3058 2367 3113 donec

817 3151 1070 3219 despiciat
1111 3149 1350 3202 inimicos
1378 3164 1522 3202 suos.
1582 3146 1726 3212 ideo,
1753 3148 1948 3216 inquit,
1979 3163 2087 3202 non
2128 3163 2366 3203 commo-

816 3243 1064 3306 vebitur;
1097 3237 1192 3294 sed
1216 3253 1390 3308 neque
1420 3236 1482 3290 ab
1524 3236 1786 3290 auditione
1816 3237 1958 3290 mala
1987 3239 2361 3309 timebit,quia

815 3341 1062 3389 paratum
1085 3346 1176 3384 cor
1197 3328 1308 3397 ejus
1330 3338 1411 3382 est
1440 3343 1645 3394 sperare
1681 3327 1734 3380 in
1762 3324 2006 3380 Domino.
2033 3328 2183 3393 Quod
2211 3328 2364 3400 Sym—

815 3424 1045 3479 machus
1075 3423 1251 3483 vertit,
1307 3421 1520 3489 ﬁrmum
1551 3436 1638 3473 cor
1657 3420 1769 3488 ejus
1799 3421 1908 3472 sine
1935 3419 2284 3475 sollicitudine
2311 3422 2365 3474 in

815 3515 1061 3572 Domino.
1095 3512 1216 3567 Ideo
1250 3510 1558 3581 huiusmodi
1611 3511 1873 3565 tumultus
1898 3509 2162 3580 despicit:
2195 3523 2367 3579 neque

815 3606 976 3662 modo
1037 3606 1284 3659 inimicos
1345 3619 1454 3657 non
1519 3602 1892 3672 pertimescit;

814 3711 1002 3753 eorum
1028 3697 1256 3758 cladem,
1285 3695 1354 3749 ob
1387 3708 1536 3764 spem
1567 3693 1621 3747 in
1651 3692 1760 3747 Deo
1790 3693 2046 3753 locatam,
2066 3697 2361 3758 exspectat.

883 3895 1047 3950 Vens.
1080 3895 1134 3959 9,
1164 3895 1246 3950 l0.
1275 3892 1555 3961 Dispersit,
1603 3891 1744 3945 dedit
1790 3889 2126 3961 pauperibus,
2148 3890 2366 3960 justitia

813 3988 924 4054 eius
958 3994 1131 4039 manet
1159 3987 1212 4038 in
1242 3985 1489 4052 sceculum
1506 3984 1884 4046 steculi,cornu
1908 3983 2018 4051 eius
2047 3982 2366 4037 exaltabitur

1478 474 1743 532 EUSEBH
1778 475 2249 565 CESARIENSIS
2284 474 2429 534 OPP.
2474 476 2650 534 PARS
2686 476 2771 534 Ill.
2813 498 2880 521 -—'
2919 478 3322 536 EXEGETICA.

1969 3616 2155 3655 verum
2203 3601 2386 3656 etiam.

3898 483 3921 540 1
3931 485 4035 538 548

2562 595 2962 659 Ἐξανέτειλεν
2983 597 3052 649 ἐν
3077 597 3277 650 σκότει
3305 596 3428 665 φῶς
3460 595 3580 661 τοῖς
3600 590 3857 658 εὐθέσιν,
3873 596 4038 663 ἐλεή-

2475 700 2604 751 μων
2653 683 2749 736 καὶ
2791 685 3099 753 οἰκτίρμων
3123 686 3219 750 zeal
3251 684 3569 749 δίκαιος.’0
3604 683 4035 754 μακαριζόμενος

2477 775 2537 826 τὸ
2581 777 2774 827 οἰκεῖον
2821 777 2934 844 φῶς
2969 776 3027 828 οὐ
3069 776 3349 838 διαλείπει,
3375 774 3734 842 ἑξανατέλλων
3771 775 3830 827 οὐ
3881 778 4034 842 πᾶσι,

2478 867 2573 937 τὴν
2602 867 2940 921 διδασκαλίαν
2974 869 3030 921 δὲ
3060 871 3169 931 τοῖς
3213 867 3424 920 εὐθέσιν
3475 864 3661 932 αὐτοῦ,
3698 867 3792 919 καὶ
3833 867 3892 918 τὸ
3936 867 4036 938 τῆς

2478 957 2725 1026 γνώσεως
2747 959 2860 1027 (τῶς
2888 960 3032 1012 ἔνδον
3059 962 3116 1014 ὲν
3135 962 3200 1029 τῇ
3222 959 3328 1012 τῶν
3352 957 3554 1011 εὑθέων
3577 959 3736 1029 γενεᾷ
3760 959 4030 1030 παρέχων,

2478 1051 2570 1102 καὶ
2597 1052 2724 1113 τοὺς
2757 1049 2930 1112 εὐθεῖς
2961 1049 3225 1118 φωτίζων.
3257 1049 3527 1117 Χρηστὸς
3563 1047 3716 1116 ἀνὴρ
3757 1051 3789 1103 ό
3826 1049 4036 1102 οἰκτεί-

2469 1159 2592 1209 ρων
2612 1142 2708 1194 καὶ
2733 1139 3098 1212 κιχώπΙΟὐκ
3123 1142 3394 1197 ἀποκλείει
3423 1141 3488 1194 τὰ
3520 1139 3709 1195 ἑαυτοῦ
3732 1140 4031 1211 σπλάγχνα,

2475 1231 2608 1283 ἀλλὰ
2638 1232 2950 1300 μεταδίδωσι
2973 1232 3079 1284 τῶν
3108 1232 3456 1302 ὑπαρχόντων
3486 1233 3597 1293 τοῖς
3627 1229 3917 1300 δεομένοις,
3947 1230 4035 1282 διὰ

2474 1323 2533 1374 τὸ
2563 1321 2845 1390 φυλάττειν
2867 1324 3081 1393 ἐντολὴν
3107 1323 3203 1394 τὴν
3233 1322 3521 1390 λέγουσαν
3555 1322 3649 1388 Τίς
3674 1315 3789 1389 ἆρα
3819 1321 4035 1386 πιστὸς

2475 1413 2570 1465 καὶ
2597 1415 2876 1481 φρόνιμος
2902 1414 3230 1480 οἰκονόμος,
3256 1412 3323 1477 ὃς
3350 1413 3418 1466 ὲν
3437 1409 3617 1480 καιρῷ
3644 1411 3820 1465 δώσει
3855 1411 3918 1464 τό
3950 1427 4034 1464 σι-

2475 1502 2774 1572 τομέτριον
2810 1503 2931 1568 τοῖς
2972 1501 3364 1568 συνδούλοις;
3402 1501 3700 1569 Μακάριος
3741 1507 3774 1555 ὁ
3813 1501 4034 1567 δοῦλος

2475 1591 2718 1655 ἐκεῖνος,
2758 1590 2828 1643 ὃν
2865 1592 3052 1644 ἐλθὼν
3091 1592 3124 1644 ό
3173 1591 3372 1657 κύριος
3392 1589 3592 1660 [αὑτοῦ
3619 1589 3872 1658 ζεύρήσει
3909 1607 4035 1648 ποιε

2475 1682 2657 1735 οῦντα
2699 1682 2902 1747 οὕτως.
2921 1681 3168 1749 Ἀληθῶς
3214 1681 3368 1750 λέγω
3399 1680 3559 1750 ὑμῖν,
3604 1679 3692 1750 ὅτι
3737 1682 3833 1734 ἐπὶ
3881 1680 4032 1736 πᾶσι

2442 1839 2445 1842 _
2475 1772 2598 1838 τοῖς
2624 1771 3002 1841 ὑπάρχουσιν
3032 1772 3214 1826 αὐτοῦ
3249 1771 3614 1840 καταστήσει
3644 1772 3844 1825 αὐτόν.
3874 1773 4034 1825 Οἰκο-

2477 1862 2723 1932 νομήσει
2747 1864 2884 1929 τοὺς
2907 1864 3124 1932 λόγους
3156 1863 3337 1918 αὑτοῦ
3363 1863 3431 1915 ὲν
3453 1865 3663 1930 κρίσει,
3694 1862 3780 1915 ότι
3812 1864 3897 1938 εις
3928 1863 4034 1916 τὸν

2474 1952 2654 2005 αἰῶνα
2677 1955 2747 2007 οὐ
2787 1953 3238 2019 σαλευθήσεται.
3258 1954 3313 2006 ’0
3341 1952 3598 2018 τοιοῦτος,
3630 1953 3780 2022 φησὶ,
3804 1953 3898 2006 καὶ
3918 1969 4031 2026 τοι·

2474 2043 2610 2097 αὕτα
2645 2044 2915 2116 πράττων,
2939 2043 3059 2097 οὗτε
3084 2047 3343 2107 πεσεῖται,
3370 2043 3492 2096 οὔτε
3524 2043 3910 2112 σαλευθήσεται
3930 2042 4031 2112 τῆς

2473 2136 2564 2188 ἐπὶ
2587 2136 2683 2206 τὴν
2717 2136 2920 2207 πέτραν
2955 2136 3213 2200 στάσεως.
3251 2135 3385 2190 Οὔτε
3420 2135 3528 2206 γὰρ
3565 2134 3815 2198 ἀπειλαῖς
3840 2136 4032 2208 ἀρχόν-

2470 2243 2575 2280 των
2603 2227 2813 2297 πτήξει,
2845 2225 2966 2279 οὔτε
2989 2227 3097 2280 τῶν
3130 2226 3376 2299 Θορυὸεῖν
3401 2226 3494 2279 καὶ
3540 2226 3824 2297 ταράττειν
3867 2211 4030 2278 αὑτὸν

2471 2318 2819 2390 πειρωμένων
2851 2322 2908 2372 ὲν
2940 2324 3150 2391 καιροῖς
3181 2321 3601 2390 περιστατικοῖς.

2536 2435 2641 2499 Εὶς
2681 2433 3073 2502 μνημόσυνον
3124 2431 3362 2486 αἰώνιον
3407 2431 3575 2486 ἔσται
3634 2432 3878 2499 δίκαιος.
3908 2432 4026 2488 ἀπὸ

2467 2523 2653 2591 ἀκοῆς
2672 2522 2938 2591 πονηρᾶς
2965 2525 3035 2577 οὐ
3056 2523 3471 2592 φοϐηθήαεται.
3493 2523 3612 2576 Οὐδ’
3628 2524 3691 2576 ἐκ
3716 2523 3884 2591 λόγων
3902 2525 4029 2591 ψευ-

2465 2613 2588 2677 δῶν,
2631 2614 3107 2685 ἐπαγγελλομένων
3148 2615 3248 2686 μὲν
3293 2613 3564 2686 ἀλήθειαν,
3600 2615 3919 2686 ἐπηρμένων
3967 2616 4024 2668 δὲ

2467 2706 2606 2759 κατά
2645 2704 2744 2774 τῆς
2774 2705 3021 2774 γνώσεως
3047 2704 3137 2758 τοῦ
3172 2704 3325 2768 Θεοῦ,
3358 2705 3600 2760 πείσεταί
3625 2723 3675 2758 τι
3707 2706 3893 2770 δεινὸν,
3928 2707 4024 2760 ἅτε

2464 2798 2528 2869 δὴ
2559 2796 3014 2867 τεθεμελιωμένος
3047 2797 3139 2851 ἐπὶ
3167 2797 3266 2868 τὴν
3291 2798 3513 2868 πέτραν,
3544 2799 3637 2851 καὶ
3671 2797 3894 2867 μηδενὸς
3923 2798 4024 2851 αὖα

2463 2888 2553 2942 τὸν
2579 2889 2896 2960 χωρίζοντος
2928 2889 3034 2941 ἀπὸ
3059 2889 3155 2958 τῆς
3175 2889 3390 2958 ἀγάπης
3411 2889 3501 2941 τοῦ
3524 2889 3655 2942 Θεοῦ
3680 2890 3780 2959 τῆς
3802 2891 3858 2941 ἐν
3884 2888 4022 2961 Χρι-
4072 2949 4078 2955 κ

2465 2979 2574 3048 στῷ
2621 2979 2810 3049 Ἰησοῦ.
2830 2979 3056 3048 Ἐτοίμη
3088 2981 3128 3048 ἠ
3161 2979 3372 3048 καρδία
3405 2980 3587 3033 αὐτοῦ
3626 2979 3881 3040 ἐλπίζειν
3922 2979 4023 3034 ἐπὶ

2463 3071 2700 3140 Κύριον,
2741 3069 3078 3138 ἐστήρικται
3121 3071 3159 3137 ἡ
3211 3070 3421 3138 καρδία
3443 3069 3656 3122 αὑτοῦ·
3697 3071 3767 3122 οὐ
3799 3069 3882 3138 μὴ
3908 3085 4020 3138 φο-

2463 3160 2636 3230 ϐηθῇ,
2669 3162 2776 3227 ἓως
2803 3158 2873 3217 οὗ
2901 3161 3072 3229 ἐπίδῃ
3112 3160 3208 3214 ἐπὶ
3249 3159 3390 3226 τοὺς
3415 3159 3661 3228 ἐχθροὺς
3691 3160 3894 3213 αὐτοῦ.
3923 3160 4022 3212 Διά

2390 3267 2431 3326 C
2462 3253 2650 3317 ταῦτα,
2673 3254 2854 3324 φησὶν,
2867 3253 2925 3305 οὑ
2955 3252 3360 3322 σαλευθήσεται,
3393 3252 3506 3305 ἀλλ’
3545 3251 3663 3304 οὐδὲ
3688 3251 3805 3304 ἀπὸ
3833 3249 4022 3318 ἀκοῆς

2462 3342 2725 3411 πονηρᾶς
2746 3343 3121 3413 φοὸηθήσεται,
3153 3343 3336 3413 ἐπειδὴ
3363 3343 3564 3412 ἑτοίμη
3592 3343 3628 3410 ἡ
3665 3341 3877 3410 καρδία
3897 3345 4021 3396 αὐο

2464 3433 2569 3487 τοῦ
2596 3431 2851 3494 ἐλπίζειν
2867 3433 2963 3486 ἐπὶ
2985 3436 3218 3500 Κύριον.
3239 3434 3375 3487 Ἀνθ’
3398 3429 3455 3486 οὗ
3478 3437 3504 3486 ὁ
3529 3435 3818 3505 Σύμμαχος
3838 3434 4020 3498 ἐποίη-

2466 3540 2582 3577 σεν·
2609 3523 2850 3592 ,Ἔδραία
2874 3525 2910 3592 ἡ
2933 3524 3140 3592 καρδία
3167 3524 3350 3578 αὐτοῦ
3377 3523 3690 3594 ἀμέριμνος
3716 3527 3784 3579 ὲν
3809 3527 4017 3595 Κιιρίφ.

2464 3615 2562 3669 Διά
2585 3617 2742 3670 τοῦτο
2770 3617 2876 3670 τῶν
2899 3616 3151 3669 τοιούτων
3190 3614 3429 3686 θορύδων
3458 3619 3809 3686 καταφρονεῖ·
3841 3619 3930 3670 καὶ
3958 3617 4020 3671 οὐ

2467 3707 2624 3778 μόνον
2648 3707 2708 3761 οὐ
2743 3706 2884 3761 δέδιε
2913 3709 3038 3769 τοὺς
3060 3707 3358 3776 δυσμενεῖς,
3394 3706 3528 3760 ἀλλά
3560 3708 3652 3760 καὶ
3679 3708 3776 3779 τὴν
3799 3707 4021 3761 ἐκείνων

2469 3785 2636 3871 ἧτταν
2667 3798 2756 3851 διὰ
2781 3797 2881 3869 τὴν
2911 3798 2989 3861 είς
3006 3797 3134 3850 Θεὸν
3161 3797 3348 3850 ἐλπίδα
3381 3799 3702 3875 παραμένει.

2546 3911 2949 3979 Ἐσκόρπισεν,
2977 3908 3159 3961 ἔδωκε
3189 3907 3311 3973 τοῖς
3331 3906 3620 3974 πένησιν-
3651 3909 3690 3976 ἠ
3729 3909 4022 3964 tamquam)-

2462 4018 2537 4067 νη
2570 3999 2755 4053 αὐτοῦ
2790 3998 2953 4068 μένει
2989 3993 3075 4063 είς
3107 3996 3213 4050 τὸν
3242 3995 3425 4050 αἰῶνα
3447 3996 3551 4050 τοῦ
3573 3995 3802 4063 αἰῶνος,
3831 3999 3897 4050 τὸ
3932 4001 4022 4056 κέ-

813 4080 868 4131 in
897 4078 1086 4147 gloria.
1120 4075 1372 4129 Peccator
1393 4075 1580 4128 videbit
1610 4083 1657 4128 et
1687 4076 1962 4140 irascetur,
1988 4074 2226 4129 dentibus
2254 4075 2366 4130 suis

2454 4107 2567 4158 ρας
2595 4089 2777 4143 αὐτοῦ
2813 4087 3189 4157 ὑψωθήσεται
3208 4155 3212 4160 ,
3231 4089 3300 4142 ὲν
3326 4087 3491 4156 δόξῃ.
3510 4089 3865 4157 ’.ἁμαρτωλὸς
3889 4084 4021 4158 ὄψεσ-

815 4170 998 4239 fremet
1043 4177 1093 4221 et
1134 4165 1356 4220 tabescet
1397 4183 1416 4219 :
1460 4166 1776 4220 desiderium
1826 4169 2109 4235 peccatoris
2156 4167 2360 4235 peribit.

811 4251 1077 4322 Quoniam
1097 4261 1240 4308 totus
1268 4254 1357 4308 hic
1385 4269 1562 4308 sermo
1583 4253 1647 4309 de
1675 4256 1740 4309 iis
1758 4257 1848 4325 qui
1879 4256 1980 4310 [ide
2005 4257 2197 4310 initiati
2215 4265 2361 4322 sunt,

695 4359 702 4365 '
809 4353 866 4401 et
893 4347 960 4403 de
987 4346 1184 4422 ppulo
1237 4360 1301 4399 ex
1333 4345 1607 4414 gentibus,
1640 4346 1730 4415 qui
1767 4361 1862 4415 per
1891 4346 2130 4400 divinam
2163 4348 2366 4403 doctri-

808 4454 934 4494 nam
963 4437 1055 4493 Dei
1095 4439 1297 4492 cultum
1329 4440 1588 4509 suscepit,
1630 4441 2014 4509 pronuntiatus
2040 4447 2143 4505 est,
2175 4455 2363 4496 conse-

808 4539 1037 4600 quenter
1067 4531 1230 4585 etiam
1263 4539 1523 4585 memorat
1556 4545 1650 4585 eos
1678 4531 2206 4593 ex..circumcisione,
2269 4531 2362 4600 qui

2461 4200 2554 4236 ται
2587 4181 2682 4235 καὶ
2715 4178 3148 4249 όρτισθήσεται,
3183 4179 3321 4246 τοὺς
3369 4181 3614 4248 ὀδόντας
3660 4181 3842 4236 αὐτοῦ
3867 4182 4018 4250 ,βρύ-

2463 4276 2550 4342 {et
2593 4274 2688 4330 καὶ
2717 4273 3055 4340 τακήσεται,
3093 4271 3368 4340 ἐπιθυμία
3399 4271 3739 4342 ἀμαρτωλοῦ
3782 4273 4022 4327 ἀπολεῖ-ι

2461 4383 2571 4419 ται.
2603 4363 2815 4434 Ἐπειδὴ
2865 4363 2992 4434 περὶ
3031 4361 3138 4415 τῶν
3176 4361 3262 4415 διὰ
3312 4362 3544 4426 πίστεως
3583 4363 3966 4432 τελειουμένων
3991 4365 4022 4415 ό

2464 4458 2568 4516 πᾶς
2598 4454 2771 4522 λόγος,
2799 4453 2888 4505 καὶ
2922 4449 3162 4522 περὶτοῦ
3189 4450 3243 4516 ἐξ
3267 4449 3434 4502 ἐθνῶν
3467 4449 3595 4503 λαοῦ
3625 4448 3718 4502 τοῦ
3750 4448 3890 4501 κατά
3920 4449 4018 4518 τὴν

2463 4545 2611 4597 Θείαν
2647 4543 2989 4596 διδασκαλίαν
3036 4541 3429 4605 Θεοσεεοῦντος,
3461 4543 3692 4612 εἴρηται,
3717 4542 4018 4606 ἀκολούθως

807 4621 1109 4692 profectum
1153 4622 1392 4691 gentium
1441 4622 1658 4692 indigne
1713 4621 1908 4677 ierunt.
1929 4622 2107 4688 Quare
2157 4622 2358 4676 dictum

2393 4610 2434 4664 θ
2466 4633 2786 4704 μνημονεύει
2815 4633 2908 4685 καὶ
2935 4631 3042 4683 τῶν
3081 4633 3145 4683 ὲκ
3188 4632 3482 4702 περιτομῆς
3509 4610 3899 4700 διαπριομένων
3927 4632 4016 4686 ἐπὶ

808 4720 912 4778 est,
938 4711 1190 4765 Peccator
1211 4711 1400 4765 videbit
1422 4723 1478 4766 et
1509 4714 1722 4768 irascett
1739 4730 1786 4777 r,
1831 4713 2071 4768 dentibus
2105 4713 2215 4767 suis
2252 4713 2358 4783 [re-

808 4811 912 4855 met
948 4813 994 4855 et
1044 4801 1302 4864 tabescet;
1339 4803 1466 4872 quia
1503 4805 1724 4875 iniquus
1752 4806 1968 4875 quidem
2004 4806 2174 4875 legem
2207 4819 2360 4860 acce-

808 4897 907 4964 pit,
958 4893 1053 4947 sed
1081 4909 1199 4948 eam
1239 4905 1614 4965 transgressus
1658 4905 1760 4952 est.
1822 4897 2143 4967 Huiusmodi
2180 4907 2359 4955 autem

807 4993 888 5040 est
911 4985 1160 5056 quisquis
1191 5002 1256 5057 es
1288 4987 1704 5046 circumcisione
1747 4988 1818 5044 ob
1855 4989 2083 5044 salutem
2117 4997 2356 5044 nostram

807 5076 1060 5131 dentibus
1097 5079 1212 5133 suis
1243 5075 1438 5131 fremit.
1475 5075 1586 5132 lmo
1615 5079 1776 5134 etiam
1807 5080 2038 5150 idipsum
2081 5097 2185 5136 usu
2213 5083 2356 5135 venit

806 5168 1097 5238 gentilibus
1126 5169 1219 5238 qui
1265 5167 1509 5224 inﬁdeles
1553 5179 1699 5234 sunt,
1755 5187 1818 5226 ac
1851 5173 1917 5228 de
1952 5170 2192 5243 profectu
2227 5189 2355 5228 suo-

807 5275 948 5324 rum,
986 5261 1078 5327 qui
1104 5261 1170 5313 ad
1198 5261 1435 5315 divinam
1471 5262 1596 5316 vita:
1632 5263 1893 5319 rationem
1923 5265 2170 5319 translati
2209 5275 2353 5330 sunt,

807 5351 1121 5407 iniremunt.
1151 5351 1414 5407 Caeterum
1449 5355 1664 5423 utrique
1700 5355 1938 5418 ordines,
1979 5356 2046 5410 de
2081 5357 2148 5412 iis
2176 5357 2266 5428 qui
2301 5357 2355 5411 in

806 5443 1023 5497 Christo
1064 5443 1290 5511 perfecti
1330 5454 1456 5499 sunt
1496 5445 1758 5511 furentes,
1788 5447 2086 5514 tabescent,
2119 5464 2181 5503 ac
2214 5449 2356 5505 desi-

807 5536 1014 5588 derium
1049 5549 1236 5589 eorum
1271 5538 1482 5605 peribit.

872 5851 912 5881 9‘
952 5849 1083 5906 Luc.
1121 5867 1228 5919 xu,
1261 5855 1448 5911 42-“.

2458 4728 2522 4796 τῇ
2558 4727 2802 4796 προκοπῇ
2849 4723 2957 4777 τῶν
2985 4723 3044 4789 ἐξ
3074 4722 3257 4776 ἐθνῶν.
3292 4722 3381 4774 Διὸ
3421 4722 3696 4784 λέλεκται·
3741 4723 4016 4790 Ἀμαρτω-

2458 4819 2566 4883 asc
2597 4818 2802 4886 ὄψεται
2846 4816 2946 4870 καὶ
2991 4814 3425 4884 όργισθήσεται,
3467 4812 3606 4877 τοὺς
3644 4812 3893 4880 ὀδόντας
3921 4819 4015 4869 αὐ-

2459 4911 2563 4964 τοῦ
2595 4909 2803 4977 βρύξει
2836 4908 2930 4961 καὶ
2961 4906 3298 4972 τακήσεται,
3334 4903 3408 4966 ὠς
3435 4901 3528 4956 τοῦ
3557 4905 3868 4975 παρανόμου
3921 4908 4016 4976 μὲν

2459 5001 2733 5072 εἰληφότος
2764 4999 2944 5070 νόμον,
2976 4995 3415 5069 παραϐεϐηκότος
3459 4994 3514 5046 δὲ
3558 4995 3738 5050 αὐτόν.
3762 4997 4015 5062 Τοιοῦτος

2457 5091 2514 5144 δὲ
2547 5093 2651 5156 πᾶς
2681 5092 2710 5142 ὁ
2751 5091 2814 5141 ὲκ
2857 5087 3175 5160 περιτομῆς,
3203 5086 3260 5148 ὃς
3286 5085 3377 5137 ἐπὶ
3401 5087 3465 5155 τῇ
3498 5085 3740 5156 ἡμετέρᾳ
3774 5088 4014 5158 σωτηρίᾳ

2459 5184 2581 5245 τοὺς
2625 5181 2836 5244 ὀδόντας
2877 5181 3039 5234 αὑτοῦ
3084 5176 3464 5250 βρύχει.Ἀλλά
3495 5178 3589 5232 καὶ
3616 5180 3666 5231 oi
3696 5177 3804 5231 τῶν
3848 5177 4016 5230 ἐθνῶν

2462 5273 2672 5326 ἄπιστοι
2693 5274 2886 5326 ταύτὸν
2909 5273 3204 5342 πάσχουσιν
3233 5269 3324 5321 ἐπὶ
3344 5271 3406 5340 τῇ
3432 5272 3680 5340 προκοπῇ
3711 5268 3816 5322 τῶν
3841 5269 3898 5335 ἐξ
3920 5270 4014 5322 αὑ-

2461 5363 2568 5417 τῶν
2617 5363 3058 5434 μεταϐεϐηκότων
3105 5363 3196 5414 ὲπὶ
3249 5362 3344 5429 τὴν
3391 5360 3528 5428 κατὰ
3558 5360 3686 5413 Θεὸν
3723 5359 4014 5415 πολιτείαν.

2460 5456 2603 5526 Πλὴν
2635 5457 2915 5526 ἀμφότερα
2959 5455 3042 5532 τὰ(
3073 5454 3322 5524 τάγματα
3354 5454 3707 5524 διαπριόμενα
3734 5450 3874 5505 καπά
3907 5453 4013 5507 τῶν

2459 5541 2515 5593 ἐν
2543 5542 2758 5613 Χριστῷ
2779 5542 3015 5613 τελειουμ
3029 5544 3161 5596 ένων
3198 5543 3576 5614 ἐκτακήσεται,
3599 5542 3694 5611 τῆς
3709 5539 4012 5611 ,ἐπιθυμίας

2459 5631 2634 5684 αὐτῶν
2662 5632 3002 5705 ἀπολλυμένη
