4318 6408
288 485 424 539 1549

316 596 709 652 ΔΛΔΗΛΟΥΙΑ
746 598 1032 654 ΑΓΓΔΙΟΥ
1069 602 1187 654 ΚΑΙ
1225 603 1583 656 ΖΑΧΔΡΙΟΥ.
1626 602 1767 655 ΡῙΒ’.

352 708 597 773 Αἰνεῖτε,
627 708 849 775 παῖδες,
876 709 986 776 τὸν
1015 712 1251 779 Κύριον,
1290 713 1503 767 αινεῗτε
1543 712 1608 765 τὸ
1655 712 1838 781 ὄνομα

287 800 523 867 Κυρίου.
559 797 667 866 Εἵη
695 799 756 852 τὸ
788 799 970 870 ὄνομα
1016 800 1230 869 Κυρίου
1269 801 1673 871 εὐλογιυιένον
1720 802 1838 855 ἀπὸ

287 891 388 945 τοῦ
421 890 558 943 -νῦν
620 892 715 945 καὶ
772 892 880 958 ἓως
936 896 1039 947 τοῦ
1094 894 1323 959 αἰῶνος.
1372 894 1556 947 Πάντα
1607 894 1698 947 τὸν
1750 892 1836 947 διὰ

288 982 344 1035 τὸ
392 982 668 1052 φοϐεῖσθαι
714 982 913 1053 Κύριον
965 986 1227 1055 μακάριον
1275 985 1631 1055 γεγενημένον
1676 984 1839 1057 ἄνδρα

288 1074 774 1144 ὑπατυπωσάμενος
818 1077 847 1127 6
898 1075 1052 1144 λόγος
1089 1080 1145 1129 ὲν
1174 1076 1249 1147 τῷ
1282 1078 1387 1146 πρὸ
1408 1078 1595 1129 τούτου
1621 1077 1836 1148 ψαλμῷ,

288 1165 373 1217 τόν
413 1182 471 1217 τε
519 1164 629 1233 βίον
666 1165 773 1218 τῶν
800 1164 1049 1221 τοιούτων
1081 1168 1174 1221 καὶ
1214 1167 1312 1238 τὴν
1344 1168 1483 1221 κατὰ
1524 1167 1653 1220 Θεὸν
1693 1169 1841 1221 πολι-

288 1255 454 1320 τείαν,
482 1255 574 1309 καὶ
596 1255 656 1307 τὸ
685 1256 775 1309 ἐπὶ
798 1258 1003 1321 τούτοις
1032 1258 1181 1329 παρὰ
1212 1258 1328 1329 Θεῷ
1344 1258 1494 1321 τέλος
1522 1259 1840 1331 ὑπογράψας

287 1347 343 1398 ἐν
371 1345 449 1416 τῷ
482 1347 841 1418 προκειμένῳ,
865 1349 1006 1413 τίνες
1036 1350 1164 1402 ποτέ
1207 1352 1342 1402 είσιν
1365 1343 1527 1413 οὗτοι,
1562 1351 1654 1403 καὶ
1680 1351 1838 1403 τίνων

287 1439 604 1508 τυγχάνουσι
630 1439 991 1510 παραπλήσιοι
1020 1440 1274 1507 διδάσκει,
1302 1442 1491 1504 παῖδας
1523 1442 1715 1505 αὐτοὺς
1742 1460 1840 1494 κα-

288 1530 390 1582 λῶν
417 1529 503 1582 διὰ
526 1530 587 1581 τὸ
612 1530 798 1601 νεαρὸν
829 1532 919 1583 καὶ
941 1532 1217 1603 ἀρτιγενές
1242 1533 1338 1600 τῆς
1367 1532 1504 1584 κατὰ
1526 1532 1700 1603 ψυχὴν
1726 1534 1840 1601 ἡλι-

288 1619 428 1683 χίας,
458 1620 549 1672 καὶ
582 1619 795 1683 τούτους
821 1620 914 1673 ἐπὶ
938 1621 1025 1674 τὸν
1056 1618 1200 1675 αἶνον
1232 1623 1385 1675 καλεῖ
1405 1622 1496 1675 τοῦ
1523 1623 1677 1676 Θεοῦ.
1697 1624 1839 1678 Ἀντὶ

288 1708 400 1775 τοῦ,
446 1710 672 1778 παῖδες,
718 1713 746 1764 6
788 1711 1012 1777 ’Δκύλας
1056 1715 1148 1766 καὶ
1191 1715 1218 1765 6
1248 1713 1535 1785 Σύμμαχος
1585 1716 1840 1782 δούλους

287 1803 572 1874 ὠνόμασαν
627 1805 921 1874 φήσαντες·
991 1804 1261 1874 ’Υμνεῖτε,
1322 1806 1545 1870 δοῦλοι,
1604 1809 1837 1874 Κύριον,
1878 1806 1881 1809 ⁷

1420 485 1915 546 COMMENTARIA
1957 483 2024 539 IN
2060 485 2395 545 PSALMOS.

3340 494 3475 549 i350

2043 600 2375 655 ALLELUIA
2405 597 2637 653 AGGA‘II
2666 599 2751 653 ET
2779 598 3169 657 ZACHARIE.
3204 602 3361 658 CXII.

2007 710 2171 766 Vens.
2211 712 2264 774 l,
2300 710 2353 762 2.
2402 709 2657 774 Laudate,
2704 712 2872 777 pueri,
2920 710 3224 776 Dominum,
3272 713 3483 769 laudate

1936 818 2119 855 nomen
2161 802 2395 856 Domini.
2430 800 2511 855 Sit
2555 818 2739 854 nomen
2782 800 2989 854 Domini
3036 803 3380 865 benedictum,
3420 819 3485 858 ea:

1937 896 2031 947 hoc
2064 910 2199 947 nunc
2224 902 2273 947 et
2321 908 2477 962 usque
2504 894 2557 945 in
2590 892 2861 947 sarculum.
2895 892 3027 947 Cum
3062 894 3115 947 in
3160 896 3483 963 praecedenti

1938 985 2147 1054 psalmo
2197 984 2342 1037 viros
2378 984 2709 1053 omnes,‘qui
2748 983 2891 1052 quod
2936 985 3155 1038 timeant
3197 984 3481 1040 Dominum

1937 1075 2077 1129 beati
2108 1073 2281 1128 eﬂ'ecti
2312 1084 2460 1137 sunt,
2489 1076 2973 1142 repraesentaverit,
3006 1090 3067 1129 ac
3106 1092 3289 1130 eorum
3318 1078 3484 1131 vitam

1939 1171 1992 1219 et
2024 1148 2329 1218 institutum
2374 1167 2669 1217 secundum
2714 1160 2903 1226 Deum,
2937 1164 3093 1217 finem
3122 1180 3334 1234 quoque
3377 1180 3488 1234 quo

1939 1256 2176 1310 donandi
2204 1254 2345 1325 apud
2371 1252 2535 1310 Deum
2570 1262 2715 1318 sunt,
2743 1254 3127 1324 descripserit;
3156 1257 3485 1325 inpraasenti

1937 1352 2158 1418 quinam
2185 1349 2259 1401 illi
2283 1358 2338 1403 et
2366 1348 2687 1417 quibusnam
2715 1346 2917 1403 similes
2943 1348 3051 1402 sint
3076 1348 3331 1411 declarat,
3364 1364 3487 1417 puec

1940 1456 2029 1495 ros
2072 1440 2368 1508 appellans,
2400 1439 2526 1508 quia
2565 1438 2741 1492 ouoad
2788 1439 2978 1492 animae
3014 1447 3225 1493 natalem
3260 1440 3488 1507 juvenes

1937 1543 1991 1591 et
2023 1547 2212 1587 recens
2259 1530 2371 1583 nati
2411 1537 2578 1584 sunt:
2624 1529 2722 1583 hos
2754 1543 2967 1597 quoque
3024 1529 3090 1583 ad
3133 1529 3345 1584 laudem
3391 1529 3485 1583 Dei

1939 1632 2216 1695 provocat.
2263 1620 2371 1675 Pro
2412 1620 2525 1684 illo,
2575 1620 2750 1688 pueri,
2795 1620 2985 1688 Aquila
3017 1628 3069 1673 et
3108 1618 3483 1690 Symmachus,

1939 1716 2093 1778 servi,
2115 1712 2451 1782 interpretati
2483 1722 2609 1765 sunt
2637 1712 2879 1766 dicentes
2914 1726 2927 1761 :
2964 1709 3185 1781 Hymnis
3212 1712 3484 1772 celebrate.

1940 1808 2096 1866 servi.
2134 1805 2432 1866 Dominum,
2484 1802 2689 1872 hymnis
2738 1799 2989 1854 celebrate
3035 1817 3218 1853 nomen
3253 1800 3483 1855 Domini.

289 1892 521 1962 ὑμνεῖτε
547 1894 613 1947 τὸ
635 1894 819 1964 ὄνομα
859 1896 1094 1963 Κύριου.
1119 1896 1327 1950 Δούλων
1352 1897 1458 1969 γὰρ
1484 1898 1635 1951 οὐδὲν
1668 1899 1842 1969 διενη-
1874 1935 1915 1988 Β
1942 1898 1994 1951 PI

1779 1918 1842 1969 η-
1874 1935 1915 1988 Β
1942 1898 2099 1952 Pueri
2126 1910 2360 1965 namque
2385 1893 2519 1948 nihil
2551 1908 2579 1946 a
2614 1891 2785 1946 servis
2812 1890 3085 1988 diﬂ'erunt,
3117 1899 3299 1961 utpote
3314 1892 3484 1988 timo-

289 1999 501 2054 νοχασιν
533 1986 582 2038 οἱ
617 1986 821 2049 παῖδες,
856 1985 1004 2057 φόϐῳ
1046 1987 1285 2052 δουλείας
1319 1989 1838 2061 παιδαγωγούμενοι.

294 2071 399 2141 Ετη
432 2076 497 2127 τὸ
532 2074 716 2144 ὄνομα
740 2076 959 2143 Κυρίου
985 2078 1401 2147 εὐλογημένονι
1424 2080 1540 2134 ἀπὸ
1568 2080 1673 2133 τοῦ
1728 2080 1842 2134 νῦν

221 2181 229 2189 ·
288 2160 387 2213 καὶ
416 2160 525 2227 ἕως
557 2161 660 2215 τοῦ
686 2162 918 2229 αἰῶνος.
950 2164 1033 2227 Ὠς
1063 2166 1312 2233 ἀγνοοῦσι
1334 2170 1443 2231 τοῖς
1480 2169 1664 2222 παισὶν
1696 2171 1843 2233 ὅπως

288 2249 391 2320 χρὴ
433 2250 522 2303 τὸν
550 2251 749 2322 Κύριον
778 2252 965 2321 ὑμνεῖν
991 2253 1050 2306 τὸ
1080 2257 1410 2326 προφητικὸν
1438 2257 1659 2327 Πνεῦμα
1690 2259 1843 2330 δίκην

288 2340 633 2408 παιδαγωγοῦ
666 2342 757 2395 καὶ
786 2342 1099 2399 διδασκάλω
1129 2346 1225 2409 τὰς
1258 2346 1437 2415 φωνὰς
1476 2348 1642 2413 αὑτὰς
1669 2367 1843 2421 παρα-

287 2428 517 2482 δίδωσιν.
551 2430 696 2502 Εὺχὴ
735 2429 792 2485 δὲ
823 2431 961 2519 αὕτη
998 2433 1143 2485 ἐστὶν
1170 2433 1307 2505 ὑπὲρ
1341 2434 1494 2505 ἡμῶν
1521 2435 1695 2488 αὐτῶν
1736 2436 1843 2490 τῶν

288 2521 491 2577 παίδων
530 2522 977 2595 ἀναπεμπομένη,
1002 2524 1077 2588 ὡς
1122 2523 1187 2578 ἂν
1221 2524 1469 2595 διαμείνῃ
1507 2526 1636 2594 ημῖν
1664 2524 1723 2578 τὸ
1751 2526 1841 2579 τοῦ

287 2614 491 2685 Κυρίου
520 2612 691 2683 ὄνομα
717 2616 796 2678 εις
821 2613 882 2667 τὸ
910 2614 1171 2685 διηνεκὲς,
1206 2615 1279 2685 μὴ
1306 2613 1502 2684 φεῦγον
1536 2616 1701 2686 ἡμᾶς,
1729 2616 1843 2668 ἀλλ’

283 2704 697 2775 ἀναπαυόμενον
728 2704 805 2775 τῷ
836 2705 1084 2777 ἡμετέρῳ
1117 2703 1235 2775 βίῳ.
1316 2754 1319 2759 ,

373 2795 504 2849 Ἀπὸ
532 2795 841 2863 ἀνατολῶν
864 2797 1039 2864 ἡλίου
1066 2796 1236 2866 μέχρι
1260 2794 1506 2866 δυσμῶν
1527 2798 1760 2853 αἰνετὸν
1779 2801 1844 2853 τὸ

290 2885 477 2956 ὄνομα
498 2888 738 2955 Κυρίου.
756 2887 1009 2956 ’Υψηλὸς
1042 2886 1362 2957 ἐπὶρπάντα
1392 2888 1465 2942 τὰ
1493 2890 1634 2957 ἔθνη
1664 2894 1696 2944 ό
1726 2893 1842 2945 Κύ-

286 2994 433 3044 ριος,
472 2978 568 3031 ἐπὶ
603 2978 744 3045 τοὺς
774 2978 1063 3047 οὐρανοὺς
1094 2980 1133 3048 ἡ
1168 2979 1318 3044 δόξα
1346 2975 1549 3035 αὐτοῦζ
1582 2981 1692 3034 Καὶ
1717 2982 1843 3035 πότε

290 3068 475 3131 τέλους
508 3067 693 3138 ἔτυχεν
740 3069 770 3121 6
818 3066 972 3138 λόγος
1016 3069 1130 3123 ἀλλ’
1160 3070 1193 3140 ἢ
1241 3070 1376 3141 μετὰ
1406 3072 1501 3143 τὴν
1529 3072 1847 3141 ἐπιφάνειαν

290 3157 383 3217 τοῦ
432 3164 680 3236 Σωτῆρος
727 3165 880 3236 ἡμῶν
918 3166 1088 3238 Ἰησοῦ
1115 3165 1383 3237 Χριστοῦ;
1416 3166 1526 3236 Πρὸ
1559 3165 1688 3235 γοῦν
1717 3166 1847 3219 ταύ-

1941 2006 1999 2045 re
2029 1988 2305 2044 servitutis
2326 1985 2577 2042 instituti.
2612 1983 2693 2038 Sit
2720 1998 2906 2037 nomen
2932 1980 3144 2036 Domini
3166 1980 3487 2057 benedictum

1939 2095 2002 2133 ea:
2030 2079 2124 2133 hoc
2155 2093 2289 2131 nunc
2306 2084 2357 2130 et
2380 2090 2537 2143 usque
2562 2074 2615 2127 in
2645 2071 2915 2125 sarculum.
2946 2067 3110 2134 Quasi
3133 2070 3315 2138 pueris
3338 2070 3490 2139 igno-

1941 2171 2208 2235 rantibus,
2264 2164 2538 2238 quomodo
2590 2163 2874 2219 Dominum
2932 2162 3154 2215 laudare
3204 2169 3486 2231 Oporteat,

1942 2257 2288 2329 propheticus
2334 2253 2571 2324 Spiritus
2608 2252 2780 2306 instar
2808 2249 3079 2320 paedagogi
3108 2264 3171 2303 ac
3198 2257 3490 2319 praecepto-

1942 2348 2019 2404 ris
2070 2362 2233 2403 voces
2276 2346 2459 2399 tradit.
2488 2343 2611 2397 Haec
2660 2358 2821 2413 porro
2859 2343 3035 2396 oratio
3073 2348 3154 2396 est
3196 2355 3293 2410 pro
3333 2339 3491 2394 nobis

1944 2436 2126 2507 pueris
2150 2435 2371 2499 emissa,
2405 2441 2462 2487 ut
2484 2449 2676 2487 nomen
2702 2432 2912 2487 Domini
2933 2438 3192 2501 perpetuo
3207 2429 3489 2486 nobiscum

1942 2535 2179 2591 maneat,
2222 2541 2325 2581 nos
2366 2524 2590 2581 minime
2634 2523 2872 2595 fugiens,
2905 2523 3001 2579 sed
3048 2524 3103 2576 in
3150 2524 3261 2577 vita
3306 2529 3491 2578 nostra

1942 2618 2356 2689 'conquiescens.

2018 2787 2179 2844 Vens.
2210 2788 2264 2851 '5,
2291 2786 2345 2843 4.
2377 2785 2419 2839 Α
2455 2787 2582 2840 solis
2614 2794 2731 2838 ortu
2754 2800 2914 2854 usque
2941 2784 3008 2838 ad
3029 2800 3270 2839 occasum
3302 2776 3519 2838 lauda-4

1945 2882 2045 2935 bile
2067 2896 2250 2934 nomen
2274 2877 2505 2931 Domini.
2529 2875 2780 2930 Excelsus
2812 2891 2965 2943 super
2983 2892 3157 2931 omnes
3188 2884 3361 2946 gentes
3393 2875 3491 2931 Do-

1946 2975 2141 3038 minus,
2174 2987 2329 3040 super
2362 2969 2514 3025 caelos
2558 2968 2728 3039 gloria
2769 2968 2903 3037 ejus.
2936 2967 3001 3022 Et
3032 2969 3375 3038 quandonam
3405 2969 3493 3025 hic

1946 3079 2125 3121 sermo
2171 3040 2345 3117 ﬁnem.
2372 3062 2601 3130 accepit,
2634 3060 2740 3115 nisi
2767 3067 2890 3129 post
2916 3058 3205 3113 adventum
3236 3058 3493 3114 Servatoo

1949 3156 2024 3211 ris
2051 3152 2220 3209 nostri
2250 3150 2377 3206 Jesu
2407 3149 2643 3206 Christi?
2666 3149 2796 3203 Nam
2846 3156 2973 3203 ante
3004 3149 3153 3203 illum
3187 3150 3241 3203 in
3269 3149 3381 3205 sola
3400 3146 3492 3203 Ju-

291 3269 388 3327 της
412 3258 470 3309 ἐν
494 3259 559 3328 τῇ
602 3257 829 3328 Ἰουδαίᾳ
853 3237 987 3330 μόνη
1016 3257 1232 3326 ἐλέγετο
1268 3256 1505 3326 γνωστὸς
1529 3252 1664 3311 εἶναι
1692 3255 1842 3321 Θεὸς,
1871 3264 1913 3321 c
1948 3244 1996 3299 d:

1789 3272 1842 3321 ς,
1871 3264 1913 3321 c
1948 3244 2061 3299 data
2098 3242 2241 3298 Deus
2281 3249 2444 3296 notus
2474 3256 2595 3296 esse
2636 3239 2942 3302 dicebatur,
2971 3250 3023 3294 et
3056 3240 3109 3293 in
3145 3240 3261 3295 solo
3297 3237 3494 3295 Israele

290 3351 383 3403 καὶ
408 3350 468 3402 ἐν
498 3350 643 3420 μόνῳ
684 3349 763 3420 τῷ
807 3350 1020 3422 Ἰσραὴλ
1070 3350 1211 3421 μέγα
1240 3349 1301 3403 τὸ
1326 3350 1492 3420 δνομα
1522 3348 1705 3413 αὑτοῦ,
1738 3348 1845 3402 τῶν

290 3440 395 3506 ἐξω
419 3442 520 3511 τῆς
554 3441 810 3507 Ἰουδαίας
850 3444 1016 3497 ἐθνῶν
1056 3444 1273 3515 δαίμοσι.
1304 3442 1847 3513 καταδεδουλωμένων

291 3529 385 3583 καὶ
426 3531 725 3603 πνεύμασιν
762 3532 1107 3603 ἀκαθάρτοις,
1137 3532 1233 3586 καὶ
1264 3534 1374 3595 τοῖς
1418 3531 1519 3602 τῆς
1563 3516 1844 3585 εἰδωλολα-

289 3620 472 3691 τρείας
516 3622 885 3693 ἀντεχομένοις
936 3623 1028 3676 τοῦ
1071 3623 1328 3694 ὀνόματος
1352 3621 1446 3676 τοῦ
1479 3622 1681 3693 Κυρίου
1713 3623 1849 3693 μηδὲ

291 3715 370 3777 είς
392 3712 596 3767 ἔννοιαν
616 3715 991 3783 ἦκοντος.”υτε
1013 3732 1075 3784 γε
1099 3715 1201 3787 μὴν
1217 3716 1498 3784 ἐπιφανεὶς
1516 3714 1675 3779 αὐτὸς
1694 3718 1723 3768 6
1743 3715 1848 3768 Κύ-

296 3822 407 3876 ριος
434 3804 589 3876 ἡμῶν
621 3805 822 3878 Ἰησοῦς
846 3808 874 3861 6
900 3806 1126 3877 Χριστὸς
1153 3808 1276 3870 τοὺς
1302 3805 1464 3861 αὑτοῦ
1493 3805 1733 3878 μαθητὰς
1756 3806 1848 3859 ἐπὶ

293 3897 467 3950 πάντα
495 3896 826 3968 διεπέμψατο
868 3898 936 3951 τὰ
976 3897 1123 3970 ἔθνη,
1156 3896 1453 3969 τηνικαῦτα
1480 3896 1781 3969 πληροῦται
1820 3899 1849 3950 ό

289 3985 379 4042 διὰ
422 3987 530 4041 τῶν
580 3988 949 4062 προκειμένων
997 3990 1186 4060 φωνῶν
1226 3992 1339 4054 τοῖς
1367 3990 1501 4042 πᾶσι
1528 3988 1850 4059 παραδοθεὶς

294 4075 479 4150 ὕμνος.
1630 4136 1635 4141 .

368 4173 463 4237 Τίς
485 4172 566 4236 ὡς
591 4174 800 4239 Κύριος
824 4174 857 4225 ὁ
880 4171 1023 4237 Θεὸς
1048 4170 1214 4241 ἡμῶν
1234 4175 1267 4226 ό
1288 4172 1358 4226 ἐν
1378 4170 1635 4240 ὑψηλοῖς
1654 4186 1845 4224 κατοι-

292 4263 433 4331 κῶν,
461 4264 558 4317 καὶ
578 4264 649 4317 τὰ
675 4262 918 4316 ταπεινὰ
946 4262 1176 4332 ἐφορῶν
1201 4263 1270 4317 ἐν
1296 4262 1374 4329 τῷ
1395 4262 1626 4330 οἱφανῷ
1649 4261 1747 4315 καὶ
1777 4263 1847 4315 ἐν

294 4352 500 4424 τῇτῇ
529 4346 843 4405 Διδάσκεται
876 4352 931 4406 δέ
963 4353 1050 4406 διὰ
1079 4353 1283 4407 τούτων
1305 4355 1336 4407 6
1358 4353 1474 4416 νέος
1501 4352 1644 4416 λαὸς.
1681 4353 1755 4416 ὡς
1797 4353 1846 4405 εί

295 4446 385 4498 καὶ
417 4442 689 4515 ἀνελήφθη
717 4444 744 4495 6
765 4440 965 4513 Κύριος
1000 4444 1032 4514 ἠ
1043 4443 1177 4513 μῶν,
1205 4444 1299 4497 καὶ
1326 4443 1470 4497 ἐστιν
1498 4445 1555 4497 ἐν
1584 4444 1733 4515 δεξιᾷ
1754 4443 1844 4497 τοῦ

296 4535 524 4608 Πατρὸς,
550 4534 661 4588 ἀλλ’
689 4530 779 4588 οὖν
822 4537 915 4588 καὶ
956 4534 1095 4588 οὕτω
1150 4536 1359 4608 πλήρης
1398 4537 1513 4591 ἐστὶ
1539 4538 1685 4591 πᾶσα
1711 4538 1743 4608 ἡ
1773 4538 1842 4608 γῆ

293 4629 388 4684 καὶ
414 4628 673 4683 ἀπολαύει
697 4628 796 4698 τῆς
825 4630 1122 4700 ἐπισκοπῆς
1140 4627 1471 4703 αὑτοῦ.*Αρα
1494 4633 1554 4685 οὐ
1579 4632 1725 4687 δοκεῖ
1754 4632 1846 4703 μέ-
1878 4622 1921 4675 D

294 4732 365 4791 γα
394 4719 533 4776 εἶναι
564 4720 624 4774 τὸ
650 4720 970 4792 είρημένον;
1010 4721 1145 4775 Ἀλλ’
1176 4724 1302 4777 ὅταν
1331 4724 1585 4797 ἐννοήσῃς
1618 4726 1743 4796 περὶ
1767 4725 1845 4777 τί-

293 4826 382 4873 νος
406 4810 637 4881 είρηται.
656 4810 858 4881 σφόδρα
884 4811 999 4863 ἐστὶ
1022 4812 1293 4875 καταδεές.
1331 4812 1452 4874 Πῶς
1476 4813 1579 4883 γὰρ
1605 4815 1662 4865 ὲν
1692 4813 1851 4884 οὐρα-

294 4902 402 4962 νοῖς
440 4904 679 4954 κατοικεῖ
708 4903 736 4954 ό
762 4901 852 4954 τὸν
887 4902 1110 4972 οὐρανὸν
1139 4906 1229 4957 καὶ
1266 4902 1363 4974 τὴν
1403 4903 1505 4973 γῆν
1552 4906 1793 4977 πληρῶν,
1822 4909 1851 4959 6

296 4989 565 5061 πανταχοῦ
597 4991 808 5062 παρὼν,
842 4994 870 5045 6
915 4993 1114 5061 λέγων·
1153 4994 1294 5061 Θεὸς
1320 4995 1559 5064 ὲγγίζων
1588 4998 1721 5067 ἐγὼ,
1753 5002 1849 5053 καὶ

294 5084 366 5136 οὺ
390 5082 531 5147 Θεὸς
557 5081 876 5150 πόρῤωθεν,
905 5087 937 5137 ό
970 5086 1274 5155 μετρήσας
1298 5087 1404 5139 τὸν
1428 5089 1684 5156 οὐρανὸν
1714 5106 1850 5144 σπι-

297 5172 451 5242 θαμῇ
476 5174 573 5227 καὶ
598 5173 711 5241 τὴν
723 5173 840 5243 γῆν
868 5175 1058 5244 δρακὶ,
1078 5180 1110 5232 ό
1132 5178 1394 5246 κατέχων
1408 5179 1513 5232 τὸν
1526 5181 1707 5248 γύρον
1736 5181 1843 5251 τῆς

297 5263 441 5335 γῆς;
482 5263 619 5317 Ἀλλ’
648 5264 831 5336 ἐπειδὴ
864 5267 998 5338 πρὸς
1034 5268 1316 5333 Ἰουδαίους
1346 5262 1413 5340 ἦν
1439 5268 1599 5339 αὐτῷλ
1617 5272 1645 5322 ὁ
1671 5270 1847 5339 λόγος,

297 5355 381 5408 διὰ
408 5353 563 5409 τοῦτο
586 5356 720 5416 τέως
742 5354 882 5409 οὕτω
909 5358 1167 5429 κέχρηται
1194 5360 1270 5431 τῷ
1300 5360 1457 5432 λόγῳ,
1489 5362 1851 5429 συγκαταόαί-

248 5440 251 5443 ’
299 5463 400 5501 νων
432 5448 495 5517 τῇ
545 5447 811 5517 παχύτητι
841 5448 1018 5501 αὐτῶν
1041 5467 1053 5481 ·
1102 5446 1217 5505 εἶτα
1252 5454 1389 5506 κατὰ
1423 5454 1611 5524 μικρὸν
1634 5454 1846 5521 ἀνάγων

300 5536 473 5592 αὐτῶν
501 5538 598 5606 τὴν
616 5538 965 5609 διάνοιανκαὶ
990 5542 1203 5613 πτερῶν
1229 5543 1324 5614 τὴν
1345 5543 1565 5614 γνώμην
1590 5544 1681 5595 καὶ
1711 5546 1846 5596 ἀνα-

302 5627 552 5693 διδάξων,
582 5629 762 5700 ἠρέμα
786 5629 977 5697 ἐπάγει
1008 5633 1064 5684 ἐν
1097 5632 1173 5703 τῷ
1200 5633 1409 5704 οὐρανῷ
1458 5636 1551 5687 καὶ
1575 5634 1631 5687 ὲν
1662 5636 1725 5705 τῇ
1751 5637 1845 5705 γῇ,

303 5718 535 5775 τουτέστι
588 5720 681 5771 καὶ
726 5720 836 5773 ἄνω
883 5721 1184 5800 καὶοκὰτω.
1213 5723 1377 5778 Τοῦτο
1406 5725 1461 5779 δὲ
1492 5722 1607 5779 εἷπε
1640 5726 1725 5779 διὰ
1753 5727 1848 5798 τὴν

376 5873 420 5905 ’⁸
453 5872 561 5930 lcr.
600 5889 664 5938 ι,
704 5874 795 5943 ll;
830 5874 934 5932 lsa.
968 5892 1068 5942 ιι,
1094 5876 1194 5934 12.

1948 3350 2209 3407 magnum
2226 3349 2427 3389 nomen
2454 3333 2571 3403 ejus
2596 3341 2731 3397 erat,
2782 3332 2910 3385 dum
2951 3339 3138 3402 gentes
3184 3346 3303 3400 qua:
3342 3340 3495 3385 extra

1946 3424 2187 3482 Iudaeam
2208 3423 2733 3497 erant,d:emonibus
2755 3430 2809 3475 et
2823 3421 3054 3490 impuris
3067 3422 3347 3490 spiritibus
3366 3421 3496 3476 suh—

1947 3516 2093 3581 dita},
2136 3530 2201 3571 ac
2243 3514 2564 3568 idololatria:
2597 3511 2824 3566 addicta:
2864 3518 3045 3567 essent
3074 3530 3087 3564 ε
3116 3526 3248 3591 cum
3297 3527 3495 3567 nomen

1947 3608 2163 3664 Domini
2191 3621 2260 3661 ne
2289 3604 2507 3675 quidem
2533 3606 2589 3657 in
2614 3612 2846 3658 mentem
2871 3602 3077 3669 veniret
3109 3600 3238 3661 illis.
3268 3602 3498 3667 Quando

1948 3709 2129 3757 autem
2161 3701 2278 3770 ipse
2324 3696 2585 3753 Dominus
2627 3703 2812 3751 noster
2851 3692 3011 3749 Jesus
3052 3694 3299 3748 Christus
3338 3694 3497 3749 adve-

1948 3795 2126 3859 niens,
2156 3790 2457 3861 discipulos
2493 3804 2622 3844 suos
2650 3790 2703 3842 in
2724 3801 2912 3842 omnes
2932 3794 3118 3857 gentes
3149 3786 3351 3850 emisit,
3370 3794 3497 3848 tunc

1950 3884 2203 3955 impletus
2230 3889 2316 3939 est
2353 3880 2585 3952 hymnus
2614 3894 2709 3949 per
2742 3878 2843 3935 has
2879 3892 3043 3933 voces
3080 3878 3353 3936 universis
3387 3886 3498 3931 tra-

1947 3976 2113 4031 ditus.
2380 4004 2383 4005 ν
2916 3993 2920 3997 ’

2016 4170 2183 4225 Vens.
2215 4170 2269 4231 5.
2296 4170 2348 4225 6.
2380 4169 2511 4235 Quis
2552 4168 2687 4223 sicut
2716 4167 2973 4245 Dominus
3028 4167 3169 4224 Deus
3210 4179 3386 4225 noster
3411 4189 3493 4241 qu.

1912 4312 1915 4313 ν
1945 4267 1999 4319 in
2014 4265 2137 4318 altis
2164 4261 2387 4335 habitat,
2406 4272 2453 4315 et
2470 4259 2695 4313 humilia
2719 4248 2925 4328 respicit
2943 4260 2997 4314 in
3030 4259 3155 4314 caelo
3177 4270 3225 4314 et
3250 4262 3499 4315 inderra?

1946 4359 2044 4413 His
2074 4358 2300 4412 docetur
2340 4368 2513 4410 novus
2556 4353 2819 4425 populus,
2858 4353 3072 4408 etiamsi
3112 4352 3372 4408 Dominus
3402 4366 3496 4407 no-

1949 4458 2061 4506 ster
2088 4446 2643 4518 assumptuslostv'et
2682 4445 2748 4500 ad
2780 4445 3056 4499 dexteram
3104 4444 3283 4501 Patris
3324 4447 3499 4516 sedet,

1950 4552 2187 4599 attamen
2210 4549 2378 4597 totam
2408 4548 2621 4594 terram
2655 4540 2866 4610 plenam
2890 4554 3012 4594 esse
3043 4548 3096 4594 et
3122 4540 3355 4610 gaudere
3382 4542 3500 4613 ejus

1950 4632 2307 4704 inspectione.
2353 4620 2548 4687 Annon
2586 4628 2715 4683 illud
2758 4643 3011 4699 magnum
3060 4630 3500 4697 csse_videaturl

1953 4723 2022 4776 At
2051 4722 2097 4776 si
2122 4719 2436 4775 consideres
2464 4719 2532 4773 de
2556 4733 2664 4788 quo
2690 4718 2896 4774 dictum
2927 4717 3018 4781 sit,
3054 4719 3161 4773 hoc
3184 4719 3341 4790 longe
3354 4712 3499 4777 infe»

1950 4816 2064 4869 rius
2098 4813 2189 4866 illo
2218 4812 2341 4867 erit.
2376 4811 2658 4876 Quomodo
2696 4808 2839 4865 enim
2876 4810 2931 4863 in
2969 4811 3125 4865 cmlis
3152 4811 3380 4875 habitat,
3406 4815 3502 4882 qui

1949 4906 2143 4960 cmlum
2158 4914 2213 4957 et
2236 4912 2433 4958 terram
2452 4902 2660 4972 implet,
2696 4903 2790 4972 qui
2820 4901 3021 4971 ubique
3040 4918 3277 4972 praesens
3308 4904 3441 4958 dicit
3484 4925 3497 4959 :

1950 4997 2089 5051 Deus
2130 4996 2547 5063 appropinquans
2585 5009 2678 5064 ego
2700 5010 2838 5059 sum,
2884 5003 2933 5047 et
2960 5011 3065 5048 non
3107 4994 3499 5063 Deus.procul:

1950 5092 2039 5161 qui
2083 5102 2286 5141 mensus
2336 5102 2451 5139 sum
2480 5085 2666 5139 cmlum
2690 5089 2887 5155 palmo,
2913 5095 2962 5141 et
2988 5096 3178 5141 terram
3218 5088 3415 5156 pugillo
3432 5088 3499 5152 ”,

1946 5184 2033 5252 qui
2085 5180 2316 5232 contineo
2354 5193 2536 5247 gyrum
2569 5178 2769 5231 terra?
2800 5176 2905 5233 Sed
2941 5177 3198 5247 quoniam
3254 5184 3383 5230 tunc
3420 5178 3498 5230 illi

1954 5288 2133 5329 sermo
2164 5286 2286 5324 cum
2310 5269 2687 5338 Jndzeiserat;
2718 5270 2840 5326 ideo
2863 5269 3090 5324 fortasse
3118 5269 3220 5322 hoc
3249 5268 3499 5337 loquendi

1954 5365 2115 5417 modo
2140 5369 2224 5415 est
2265 5377 2418 5422 usus.
2453 5376 2639 5415 eorum
2684 5376 2803 5415 sese
2842 5359 3192 5429 crassitudini
3241 5365 3498 5426 attempeg

1950 5469 2116 5507 rans:
2161 5468 2222 5504 ac
2253 5452 2446 5507 deinde
2488 5452 2745 5523 paulatim
2790 5467 2976 5505 eorum
3025 5459 3254 5504 mentem
3287 5444 3497 5520 erigens

1952 5554 2004 5601 et
2031 5546 2304 5610 attollens,
2334 5546 2389 5599 in
2423 5546 2619 5599 cmlum
2651 5552 2703 5599 et
2730 5544 2783 5599 in
2819 5551 3015 5597 terram
3046 5541 3287 5603 adducit,
3320 5542 3371 5595 id
3414 5554 3494 5598 est

1951 5652 2169 5693 sursum
2198 5646 2250 5690 et
2279 5638 2555 5692 deorsum.
2596 5634 2649 5695 ιιι
2684 5649 2811 5688 vero
2845 5633 2919 5687 ait
2946 5634 3017 5687 ob
3060 5631 3368 5687 Judeeorum
3390 5634 3495 5704 gini.

1952 5728 2316 5816 hecillilatem,
2345 5729 2436 5799 qui
2482 5727 2640 5783 idolis
2670 5726 2835 5781 dediti
2868 5732 3042 5799 erant,
3065 5732 3120 5779 et
3145 5725 3276 5781 deos
3313 5724 3495 5780 adora-
