4318 6450
821 466 947 532 4351
1459 471 1717 530 EUSEBII
1753 472 2225 531 CESARIENSIS
2258 430 2407 532 ore.
2441 478 2525 532 PA

2288 430 2407 532 DPD.
2441 476 2618 533 PARS
2655 468 2743 532 ΙΙΙ.¹
2779 509 2848 559 -έ-
2875 472 3272 535 EXEGETICA.
3860 471 3993 537 i352

818 596 945 657 baut
989 595 1043 648 in
1075 593 1207 647 locus
1233 607 1294 647 ac
1338 591 1553 662 templis
1593 592 1854 647 inclusos.
1884 592 2019 647 Cum
2049 595 2126 646 ait
2164 592 2347 664 igitur,
2379 601 2422 655 Α
2450 595 2523 647 dicit

2287 609 2347 656 Ir,
2379 601 2422 655 Α
2450 594 2725 648 ἀσθένειαν
2754 593 2851 666 τὴν
2891 580 3198 665 Ἰουδαῖκὴν,
3221 594 3317 665 τὴν
3342 594 3474 665 πρὸς
3496 595 3564 648 τὰ
3585 594 3773 649 ἐῐδωλα
3796 576 3992 669 ἐπτοη-

818 683 868 735 in
897 684 1024 736 caelo
1054 694 1101 736 et
1140 683 1193 735 in
1234 692 1403 757 terra,
1447 695 1635 735 ansam
1674 683 1875 750 praabet
1914 681 2185 752 cogitandi
2226 697 2348 736 eum
2453 685 2523 755 μέ

2287 697 2348 735 Im
2453 685 2638 756 μένην,
2668 684 2761 738 καὶ
2802 685 2954 748 θεοὺς
2984 684 3386 757 προσκυνοῦσαν
3420 687 3545 750 τοὺς
3582 687 3641 743 ὲν
3684 687 3870 752 τόποις
3898 692 3992 744 καὶ

817 773 1013 843 ubique
1046 768 1206 842 atque
1230 772 1315 827 hic
1344 779 1402 827 et
1432 771 1541 825 illic
1571 787 1711 835 esse,
1751 780 1804 826 et
1829 772 2011 825 omnia
2037 769 2345 841 pervadere.

816 860 929 937 Non
967 860 1107 917 enim
1145 870 1203 915 ut
1240 860 1506 930 quispiam
1547 861 1601 914 in
1640 863 1779 916 cmlo
1810 860 2126 927 conclusus,
2160 862 2351 931 procul

815 960 1022 1016 terrena
1058 951 1358 1021 conspicit;
1391 950 1485 1006 sed
1521 951 1718 1021 ubique
1764 965 2021 1020 praesens,
2055 951 2350 1019 incompre-

813 1042 1035 1107 bensus,
1060 1041 1583 1111 incircumscriptus,
1619 1041 1973 1111 omnibusque
2012 1048 2215 1095 astans.
2258 1039 2338 1093 Vi-

812 1133 929 1187 den‘
956 1148 1063 1203 quo
1108 1140 1263 1203 pacto
1297 1132 1549 1203 paulatim
1575 1131 1879 1186 auditorum
1911 1134 2143 1187 mentem
2166 1132 2347 1187 suble-

758 1232 759 1235 ‘
811 1225 925 1278 vet?
960 1223 1093 1283 Non,
1110 1224 1253 1279 enim
1286 1223 1405 1277 ideo
1459 1223 1772 1292 interrogat,
1804 1216 1875 1275 ‘ut
1916 1222 2037 1291 quis
2074 1221 2141 1276 de
2180 1222 2346 1292 gloria

808 1316 898 1371 Dei
927 1316 1088 1387 digna
1132 1317 1408 1387 loquatur,
1443 1315 1536 1369 sed
1586 1329 1683 1383 pro
1730 1321 1889 1384 captu
1940 1313 2237 1368 hominum.
2283 1313 2349 1368 Et

806 1408 930 1463 alibi
961 1424 1174 1478 quoque
1200 1408 1395 1462 coelum
1425 1405 1624 1460 dicitur
1652 1420 1774 1461 esse
1814 1406 2041 1461 thronus
2070 1404 2184 1469 Dei,
2220 1407 2345 1474 quia

805 1501 1053 1556 cmlestes
1070 1500 1303 1554 virtutes
1328 1499 1449 1555 istic
1470 1498 1562 1553 Det
1579 1497 1802 1568 gloriam
1829 1496 2055 1550 ﬁrmiter
2078 1496 2342 1555 obtinent;

806 1598 948 1647 terra
979 1607 1107 1646 vero
1136 1591 1447 1655 scabellum,
1479 1590 1604 1661 quia
1632 1588 1874 1644 homines
1902 1587 1957 1642 in
1984 1596 2129 1644 terra
2154 1595 2337 1642 extre-

801 1697 891 1735 ma
929 1683 1241 1737 divinorum.
1271 1682 1355 1736 vix
1389 1697 1581 1752 capere
1613 1682 1813 1737 valent.
1857 1679 1956 1735 Hic
2005 1692 2133 1735 vero
2176 1678 2343 1733 David

805 1781 1084 1842 postquam
1124 1771 1422 1825 auditorem
1452 1772 1518 1826 de
1561 1756 1703 1825 terra
1749 1771 1936 1832 erexit,
1974 1768 2042 1823 ad
2081 1768 2227 1823 aliud
2248 1768 2342 1824 Dei

804 1865 1011 1918 virtutis
1039 1872 1407 1934 argumentum
1438 1860 1986 1932 progreditur'dicens
2015 1876 2027 1910 :

2449 778 2591 837 ναοῖς
2617 774 3148 845 συγκεκλεισμένους,
3183 774 3366 828 Εἰπὼν
3391 773 3540 843 γοῦν,
3662 776 3742 852 τςῷ
3764 776 3995 847 οὐρανῷ

2447 864 2545 918 καὶ
2582 865 2650 918 ἐν
2672 862 2745 933 τῇ
2772 862 2868 934 τῇ,
2896 864 3075 917 δίδωσι
3116 866 3271 928 νοεῖν,
3300 864 3383 917 ὄτι
3424 866 3693 936 πανταχοῦ
3731 869 3867 932 ἐστι,
3894 870 3993 924 κὰ-

2446 956 2531 1007 κεῖ
2556 955 2648 1007 καὶ
2679 953 2927 1017 ἐνταῦθα,
2956 955 3048 1006 καὶ
3070 952 3157 1007 διὰ
3184 953 3399 1008 πάντων
3427 955 3569 1025 ἥκει.
3602 956 3674 1010 Οὐ
3699 957 3807 1029 γὰρ
3828 956 3903 1022 ὡς
3926 959 3992 1015 ἄν

2445 1059 2527 1109 τις
2554 1047 2610 1098 ἐν
2651 1043 2861 1115 οὐρανῷ
2900 1044 3377 1115 συγκεκλεισμένος
3406 1045 3681 1116 πόρρωθεν
3712 1046 3990 1118 βλέπειτά
4052 1070 4055 1073 ·

2445 1138 2500 1189 ἐν
2517 1139 2583 1207 τῇ
2612 1139 2704 1206 γῇ,
2726 1134 2857 1188 ἀλλὰ
2888 1134 3155 1205 πανταχοῦ
3177 1135 3363 1205 παρὼν
3385 1137 3477 1189 καὶ
3500 1135 3779 1209 ἀχώρητος
3804 1137 3878 1193 ὣν
3896 1141 3991 1194 καὶ

2442 1230 2843 1301 ἀπερίγραπτος
2890 1228 2985 1282 καὶ
3030 1229 3163 1281 πᾶσι
3207 1229 3634 1300 περιιστάμενος.
3680 1226 3830 1295 Εἶδες
3873 1232 3989 1297 πῶς

2442 1319 2582 1373 κατὰ
2608 1321 2797 1391 μικρὸν
2826 1322 3014 1392 πτεροῐ
3040 1321 3137 1391 τὴν
3161 1320 3396 1391 διάνοιαν
3427 1321 3535 1374 τῶν
3553 1322 3884 1391 ἀκουόντων;
3913 1326 3988 1378 Οὐ

2440 1410 2547 1481 γὰρ
2572 1410 2723 1480 ζητεῖ
2745 1412 2888 1472 ὅπως
2911 1412 2975 1466 ἄν
2996 1428 3080 1474 τις
3102 1415 3199 1483 τῆς
3224 1412 3378 1483 δόξης
3404 1414 3544 1465 εἴποι
3570 1413 3664 1467 τοῦ
3692 1413 3826 1490 Θεοῦ
3853 1415 3989 1481 τέως

2440 1500 2675 1566 ἐπάξιον,
2711 1501 2821 1553 ἀλλ’
2843 1502 2987 1562 ὅπως
3008 1501 3231 1564 ἐκείνοις
3255 1500 3511 1572 χωρητόν.
3545 1503 3652 1556 Καὶ
3681 1502 3909 1574 ἀλλαχοῦ
3928 1503 3989 1558 δὲ

2440 1589 2621 1660 θρόνος
2662 1590 2794 1643 Θεοῦ
2843 1590 3053 1658 λέγεται
3086 1592 3114 1644 6
3146 1589 3368 1660 οὐρανὸς
3397 1590 3584 1661 ἐκ,τοῦ
3608 1590 3705 1655 τὰς
3733 1592 3989 1663 οὐρανίας

2438 1680 2688 1751 δυνάμεις
2716 1679 2922 1748 παγίως
2965 1683 3023 1734 ἐν
3067 1682 3254 1744 αὑταῖς
3279 1681 3376 1752 τὴν
3418 1680 3511 1735 τοῦ
3542 1681 3674 1735 Θεοῦ
3716 1682 3872 1750 δόξαν
3902 1685 4012 1745 ἐν-,

2442 1770 2724 1841 ιδρυμένην
2756 1772 2895 1840 ἔχειν
2913 1786 2924 1798 ⁸
2962 1772 3054 1823 καὶ
3079 1772 3113 1841 ἡ
3144 1770 3217 1841 γῆ
3250 1770 3553 1835 ὑποπόδιον,
3577 1770 3666 1824 διὰ
3688 1771 3748 1825 τὸ
3769 1772 3861 1826 ἐπὶ
3881 1773 3987 1844 γῆς

2438 1859 2563 1920 τοὺς
2591 1857 2905 1929 ἀνθρώπους
2952 1858 3019 1911 τὰ
3068 1858 3346 1912 τελευταῖα
3376 1858 3482 1914 τῶν
3514 1860 3638 1931 περὶ
3661 1860 3793 1915 Θεοῦ
3833 1862 3987 1933 μόλις

802 1957 1038 2027 χωρῆσαι
1081 1954 1349 2010 δύνασθαι.
1405 1953 1661 2008 Ἐνταῦθα
1702 1954 1759 2007 δὲ
1791 1954 2096 2023 ἀναστήσας
2137 1950 2245 2006 ἀπὸ
2283 1951 2380 2020 τῆς
2413 1949 2515 2019 γῆς
2563 1950 2654 2004 τὸν
2703 1950 2972 2021 ἀκροατὴν
3013 1954 3042 2006 6
3085 1951 3262 2021 Δαυῒδ,
3322 1954 3405 2023 ἐφ’
3431 1955 3611 2027 ἕτερον
3640 1955 3855 2028 ἔρχεται
3886 1957 3987 2028 τῆς

800 2038 1071 2119 δυνάμεως
1098 2048 1188 2103 τοῦ
1219 2048 1351 2101 Θεοῦ
1378 2047 1570 2117 δεῖγμα
1601 2046 1770 2114 λέγων
1790 2062 1803 2076 ⁸

867 2158 1029 2214 Vens.
1075 2159 1185 2213 7-9.
1218 2158 1491 2215 Suscitans
1539 2161 1601 2214 de
1632 2169 1771 2213 terra
1811 2159 2012 2227 inopem
2039 2168 2088 2211 et
2119 2156 2182 2211 de
2203 2166 2338 2211 ster-
2370 2176 2411 2231 Β

799 2265 913 2303 rore
938 2250 1136 2319 erigens
1165 2264 1478 2317 pauperem,
1505 2258 1559 2301 ut
1594 2248 1805 2302 collocet
1843 2262 1959 2302 eum
1994 2263 2112 2301 cum
2141 2247 2338 2315 princi-

796 2340 965 2408 pibus.
991 2355 1105 2392 cum
1127 2340 1453 2408 principibus
1476 2340 1653 2408 populi
1687 2340 1806 2402 sui;
1835 2340 1923 2409 qui
1949 2338 2184 2391 habitare
2210 2338 2336 2406 facit

797 2431 1022 2486 sterilem
1050 2433 1105 2485 in
1120 2428 1301 2489 ‘domo.
1327 2443 1543 2484 matrem
1581 2432 1645 2485 de
1688 2432 1814 2501 ﬁliis
1843 2433 2126 2501 lartantem.
2154 2431 2337 2486 Virtu-

798 2530 903 2576 tem
933 2520 1027 2577 Dei
1065 2535 1161 2591 pro
1200 2522 1473 2578 voluntate
1501 2537 1599 2577 sua
1626 2523 1874 2592 quaelibet
1916 2530 2333 2579 commutantem

797 2612 1051 2667 celebrat.
1084 2611 1201 2666 Non
1241 2612 1414 2666 solum
1445 2612 1609 2675 enim,
1644 2613 1836 2683 inquit,
1879 2627 2168 2683 pauperem
2197 2614 2336 2671 divi—

796 2700 885 2756 tiis
902 2708 955 2755 et
982 2699 1150 2771 gloria
1184 2699 1377 2763 allicit,
1407 2700 1498 2755 sed
1528 2700 1687 2753 etiam
1720 2716 1842 2755 cum
1877 2702 2210 2771 principibus
2239 2718 2336 2772 po-

794 2791 903 2862 puli
933 2791 1182 2852 collocat,
1213 2800 1266 2847 et
1292 2790 1358 2844 ad
1382 2790 1665 2860 imperium
1696 2792 1893 2847 evehit.
1916 2792 2115 2864 Magna:
2136 2794 2335 2866 quippe

794 2892 846 2938 et
882 2882 1257 2938 inenarrabilis
1312 2883 1529 2937 virtutis
1573 2891 1655 2937 est
1690 2898 1850 2952 parva
1890 2884 2115 2953 erigere.
2153 2883 2337 2940 Potest

792 2973 917 3028 item
945 2972 1033 3028 hic
1058 2988 1247 3027 versus
1275 2972 1342 3027 de
1370 2973 1565 3042 pepulo
1596 2989 1659 3028 ex
1689 2974 1935 3043 gentibus
1955 2974 2061 3039 diei
2092 2994 2104 3029 :
2136 2975 2203 3037 de
2226 2989 2334 3045 quo

792 3058 866 3112 ait
903 3059 1159 3129 propheta
1207 3078 1220 3113 :
1260 3058 1327 3112 Et
1376 3070 1645 3128 propterea
1685 3061 1941 3115 benedicet
1982 3062 2075 3121 tibi
2111 3064 2332 3133 populus

792 3163 1002 3219 pauper,
1032 3159 1081 3203 et
1108 3150 1340 3203 civitates
1368 3150 1633 3204 hominum
1674 3152 1873 3219 injuria
1911 3154 2219 3222 aﬂ'ectorum
2247 3156 2332 3209 be-

792 3240 1023 3295 nedicent
1057 3240 1171 3295 tibi.
1206 3239 1379 3294 Fuisti
1411 3243 1549 3295 enim
1580 3243 1721 3296 omni
1765 3244 1966 3297 civitati
2020 3244 2207 3299 humili
2232 3247 2325 3299 ad-

792 3329 951 3394 iutor,
996 3338 1046 3384 et
1076 3330 1141 3385 iis
1168 3332 1255 3401 qui
1300 3332 1475 3386 animo
1517 3332 1827 3402 deﬁciebant
1860 3345 2068 3404 propter
2100 3335 2332 3405 indigen-

792 3422 940 3485 tiam,
989 3430 1333 3492 tegumentum
1373 3439 1392 3476 :
1442 3423 1506 3476 ab
1544 3423 1838 3480 hominibus
1893 3425 2135 3496 malignis
2183 3441 2329 3479 erues

2520 2153 2574 2208 '0
2618 2155 2857 2224 ἐγείρων
2894 2153 3009 2208 ἀπὸ
3044 2153 3156 2223 τῆς
3186 2154 3440 2224 πτωχὸν,
3469 2157 3567 2211 καὶ
3591 2159 3708 2214 ἀπὸ
3740 2162 3987 2233 κοπρίας

2436 2245 2687 2313 ἀνυψῶν
2697 2245 3046 2311 πένητα,τοῦ
3060 2245 3294 2299 καθίσαι
3306 2246 3643 2317 αὺτὸνμετὰ
3661 2252 3983 2321 ἀρχόντων,

2430 2332 2580 2402 μετὰ
2615 2334 2916 2402 ἀρχόντων
2950 2330 3100 2385 λαοῦ
3140 2332 3322 2387 αὐτοῦ
3346 2350 3359 2363 ·
3400 2337 3433 2388 d
3475 2337 3814 2398 κατοικίζων
3830 2343 3987 2395 στεί.

2429 2441 2546 2495 ραν
2567 2427 2635 2480 ἐν
2666 2426 2824 2490 οἴκῳ,
2845 2422 3067 2493 μητέρα
3105 2424 3200 2476 ἐπὶ
3238 2425 3463 2493 τέκνοις
3498 2429 3985 2503 εὐφραινομένην.

2446 2517 2634 2589 ’Υμνεῖ
2661 2504 2758 2587 τὴν
2797 2514 3022 2587 δύναμιν
3071 2513 3165 2570 τοῦ
3194 2514 3365 2591 ηΘεοῦ,
3396 2516 3589 2589 ῥαδίως
3631 2522 3987 2590 μεταϐάλλω-

2436 2624 2533 2661 σαν
2556 2606 2593 2661 ἃ
2626 2606 2885 2677 βούλεται.
2921 2607 2995 2659 Οὐ
3045 2607 3201 2676 μόνον
3250 2606 3377 2678 γὰρ,
3411 2607 3563 2677 φησὶ,
3589 2609 3857 2676 πλουτίζει
3894 2613 3989 2670 τὸν

2437 2698 2637 2767 πένητα
2659 2698 2750 2749 καὶ
2776 2696 3001 2763 δοξάζει,
3039 2696 3173 2749 ἀλλὰ
3204 2696 3296 2750 καὶ
3326 2699 3438 2761 τοῖς
3468 2697 3691 2769 ἄρχουσι
3724 2702 3817 2755 τοῦ
3851 2704 3985 2760 λαοῦ

2436 2785 2839 2856 συγκαθίστησι,
2870 2786 2963 2839 καὶ
3006 2788 3084 2848 είς
3130 2785 3297 2856 ἀρχὴν
3338 2785 3546 2854 ἀνάγει.
3592 2790 3846 2862 Μεγάλης
3876 2793 3985 2865 γὰρ

2432 2879 2706 2949 δυνάμεως
2733 2878 2828 2932 καὶ
2856 2878 3062 2947 ἀφάτυυ
3092 2880 3150 2932 «ὸ
3172 2879 3240 2933 τὰ
3270 2880 3439 2952 μικρὰ
3465 2882 3723 2952 ἐπαίρειν.
3753 2884 4005 2940 Δύναται

2430 2970 2487 3023 δὲ
2527 2970 2556 3021 6
2588 2966 2767 3040 στίχος
2798 2969 2891 3037 καὶ
2920 2970 3047 3040 περὶ
3076 2968 3168 3022 τοῦ
3197 2970 3304 3021 ἀπὸ
3346 2969 3451 3023 τῶν
3480 2971 3645 3025 ἐθνῶν
3670 2972 3797 3028 λαοῦ
3827 2975 3983 3045 λέγε-

2432 3061 2575 3126 σθαι,
2591 3062 2717 3133 περὶ
2734 3054 2793 3115 οὗ
2814 3077 2973 3131 φησιν
2993 3062 3021 3113 6
3040 3061 3319 3131 προφήτης
3339 3077 3351 3090 ·
3376 3061 3487 3115 Kal.
3504 3062 3599 3116 διὰ
3615 3064 3789 3118 τοῦτο
3814 3069 3973 3129 afuit.

2431 3152 2603 3223 γήσει
2633 3169 2705 3208 σε
2729 3156 2761 3209 ό
2790 3157 2937 3220 λαὸς
2972 3155 3004 3205 ό
3028 3152 3403 3222 πτωχὸς,,καὶ
3436 3148 3642 3220 πόλεις
3665 3156 3983 3225 ἀνθρώπων

2429 3245 2828 3314 ἀδικουμένων
2867 3240 3271 3312 εὐλογήσουσι
3294 3246 3386 3298 σε.
3418 3242 3649 3312 Ἐτένου
3674 3245 3785 3312 τὰρ
3813 3247 3982 3317 πάσῃ

2431 3338 2600 3390 πόλει
2622 3334 2868 3401 ταπεινῇ
2887 3334 3132 3405 βοηθὸς,
3152 3332 3254 3387 καὶ
3274 3322 3398 3399 τοῖςί
3429 3333 3769 3403 ἁθυμήσασι
3787 3336 3861 3390 δι’
3886 3337 3985 3392 ἕνα

2430 3426 2593 3481 detai-
2609 3424 2823 3493 σκέπη·
2837 3424 2953 3478 ἀπὸ
2967 3425 3285 3491 ἀνθρώπων
3294 3424 3727 3497 πονηρῶνρύσῃ
3742 3430 3956 3498 αὐτούς
3965 3449 3978 3464 ·

792 3527 874 3566 eos
904 3526 923 3564 :
966 3518 1309 3582 tegumentum
1347 3513 1652 3580 sitientium,
1702 3524 1750 3568 et
1796 3515 2009 3583 spiritus
2060 3516 2328 3569 hominum
2354 3515 2395 3571 C
2428 3528 2497 3569 σλ

2278 3532 2328 3568 nt
2354 3515 2395 3571 C
2428 3514 2623 3582 σκέπη
2651 3513 3083 3585 διψώντων,καὶ
3097 3514 3327 3585 πνεῦμα
3343 3515 3661 3585 ἀνθρώπων
3681 3518 3983 3591 ἁδικουμέ.

792 3604 985 3670 injuria
1030 3604 1414 3673 aﬂ‘ectorum”.
1461 3604 1616 3662 Hunc
1659 3607 1804 3663 enim
1835 3622 2122 3678 pauperem
2152 3614 2202 3661 et
2236 3623 2334 3677 po-

791 3696 972 3766 pulum
999 3711 1225 3767 egenum
1254 3712 1286 3752 a
1328 3696 1526 3753 vilibus
1572 3699 1754 3766 rebus,
1786 3714 1817 3753 a
1845 3699 2110 3756 dedecore
2140 3701 2335 3754 turbu-

790 3787 1054 3843 lentorum
1096 3787 1263 3841 animi
1306 3796 1569 3851 motuum,
1612 3797 1667 3843 et
1698 3805 1732 3844 a
1771 3801 2013 3847 stercore
2049 3790 2336 3862 gentilitia-

790 3894 906 3936 rum
927 3876 1383 3934 abominationum
1405 3881 1637 3951 erigens,
1658 3882 1845 3937 sedere
1863 3881 2019 3937 faciet
2045 3898 2165 3937 cum
2186 3882 2334 3950 prin-

790 3970 999 4042 c'pibus
1027 3970 1262 4034 lsraelis,
1294 3971 1386 4041 qui
1437 3973 1667 4042 populus
1695 3974 1813 4043 ejus
1854 3981 1956 4029 est.
1991 3973 2125 4028 Sunt
2154 3979 2333 4028 autem

790 4061 1019 4132 apostoli
1073 4061 1349 4133 principes
1395 4061 1478 4116 vel
1522 4064 1839 4132 patriarcha:
1888 4062 2165 4119 Hebraica:
2205 4078 2335 4134 gen-

789 4152 860 4207 tis
897 4167 910 4203 :
944 4152 1265 4222 quibuscum
1312 4152 1633 4208 habitabunt
1674 4162 1937 4224 quotquot
1979 4170 2045 4210 ex
2083 4155 2332 4227 gentibus

790 4242 1164 4298 crediderunt.
1221 4242 1567 4315 ldipsumque
1625 4244 1755 4299 dicit
1803 4244 2062 4301 Dominus
2118 4265 2131 4300 :
2177 4245 2334 4298 Multi

790 4336 1084 4392 venient'ab
1139 4338 1332 4392 oriente
1370 4347 1421 4392 et
1454 4336 1740 4403 occidente,
1782 4347 1857 4391 et.
1884 4338 2177 4393 rerumbent
2216 4353 2334 4391 cum

768 4429 1073 4507 Abraham,
1112 4427 1269 4483 Isaac
1312 4442 1361 4484 et
1399 4429 1563 4484 Jacob
1606 4433 1661 4483 in
1700 4434 1857 4500 regno
1896 4431 2137 4485 talorum
2162 4430 2201 4483 ⁸.
2239 4429 2334 4486 Est

790 4524 966 4595 itaque
1018 4538 1196 4578 sermo
1238 4523 1324 4578 ille
1354 4523 1694 4578 universalis.
1740 4523 1895 4587 quod
1940 4540 1985 4576 st
2017 4522 2137 4589 quis
2181 4522 2331 4575 illum

791 4614 1081 4686 anagogico
1128 4629 1276 4670 more
1314 4617 1559 4685 excipere
1582 4614 1731 4680 velit,
1760 4614 1809 4668 is
1840 4611 2203 4682 deprehendet
2232 4613 2333 4666 hoc

790 4709 963 4778 ipsum
994 4707 1050 4760 in
1088 4706 1319 4761 adventu
1347 4705 1547 4761 Christi
1600 4704 1801 4760 factum
1832 4719 1972 4759 esse.
2021 4702 2161 4768 Quid
2189 4703 2332 4757 enim

790 4810 981 4858 natura
1031 4806 1218 4854 nostra
1263 4800 1541 4870 egentius?
1573 4799 1827 4852 Attamen
1880 4796 2025 4850 illam
2078 4794 2332 4849 excitavit

2431 3622 2570 3659 νων.
2585 3603 2779 3658 Τοῦτον
2793 3604 2898 3676 γὰρ
2917 3605 3007 3658 τὸν
3027 3604 3236 3675 πτωχὸν
3260 3606 3352 3659 καὶ
3373 3600 3731 3677 πένηταλαὸν,
3750 3612 3857 3666 ἀπὸ
3874 3613 3985 3668 τῶν

2432 3694 2778 3767 χαμαιζήλων
2797 3696 3131 3766 πραγμάτων
3154 3696 3390 3766 ἐγείρας,
3408 3698 3620 3770 καὶτῆς
3633 3701 3851 3771 ἀτιμίας
3872 3703 3985 3758 τῶν

2434 3787 2619 3841 παθῶν
2638 3788 2844 3858 καὶτῆς
2869 3789 3097 3859 κοπρίας
3117 3789 3224 3842 τῶν
3247 3790 3565 3860 Ἑλληνικῶν
3592 3794 3979 3864 μυσαγμάτων,

2432 3877 2641 3933 καθίσει
2673 3876 2809 3949 μετὰ
2848 3876 2955 3931 τῶν
3000 3878 3271 3947 ἀρχόντων
3295 3879 3388 3931 τοῦ
3417 3880 3644 3950 Ἰσραὴλ,
3674 3883 3823 3946 ὄντος
3850 3883 3981 3938 λαοῦ

2432 3966 2611 4021 αὐτοῦ.
2639 3968 2759 4020 Εἰσὶ
2805 3966 2863 4019 δὲ
2905 3967 2952 4020 οι
2984 3966 3266 4043 ἀπόστολοι
3309 3968 3560 4038 ἄρχοντες
3590 3972 3680 4023 τοῦ
3715 3972 3983 4043 Ἐϐραίων

2430 4057 2578 4125 λαοῦ,
2611 4058 2645 4128 ἢ
2669 4047 2772 4131 ,καὶ
2801 4059 2849 4111 οἱ
2895 4057 3243 4129 πατριάρχαι,
3282 4057 3398 4127 μεθ’
3430 4052 3504 4111 ὧν
3540 4060 3983 4132 κατασκηνώσου-

2434 4166 2515 4204 σιν
2540 4151 2588 4203 οἱ
2614 4149 2673 4214 ἐξ
2696 4149 2862 4204 ἐθνῶν
2896 4150 3294 4212 πιστεύσαντες.
3329 4150 3436 4203 Καὶ
3456 4149 3611 4203 τοῦτό
3637 4168 3797 4223 φησιν
3819 4155 3849 4206 6
3867 4156 3982 4208 Κύ-

2433 4258 2546 4312 ριος
2566 4256 2582 4274 ·
2604 4242 2827 4296 Πολλοὶ
2858 4241 3111 4307 ἥξουσιν
3131 4240 3247 4295 ἀπὸ
3267 4240 3572 4297 ἀνατολῶν
3592 4244 3688 4297 καὶ
3714 4245 3981 4315 δυσμῶν,

2431 4332 2529 4385 καὶ
2585 4330 3084 4398 ἀνακλιθήσονται
3131 4330 3277 4400 μετὰ
3313 4327 3592 4400 Ἀϐραὰμ,
3619 4331 3718 4387 καὶ
3754 4334 3980 4401 Ἰσαὰκ,
4024 4372 4029 4389 π

2431 4422 2529 4475 καὶ
2612 4420 2809 4481 Ἰακὼό
2874 4421 2943 4475 ἐν
3013 4420 3089 4490 τῇ
3156 4421 3439 4489 βασιλείᾳ
3509 4421 3626 4477 τῶν
3692 4425 3978 4491 οὐρανῶν.

2435 4514 2589 4565 Ἔστι
2621 4513 2716 4582 μὲν
2746 4508 2836 4565 οὖν
2864 4515 2892 4565 6
2916 4512 3067 4581 λόγος
3092 4512 3391 4576 καθολικός.
3428 4513 3491 4566 Εἰ
3516 4512 3573 4568 δέ
3602 4530 3684 4578 τις
3719 4512 3811 4567 καὶ
3839 4517 3983 4570 κατὰ

2432 4604 2715 4672 ἀναγωγὴν
2758 4603 2915 4679 αὐτὸν
2961 4604 3262 4674 βουληθείη,
3290 4604 3476 4673 ὄψεται
3504 4603 3662 4659 τοῦτο
3701 4603 3860 4659 πάλιν
3889 4608 3981 4660 ἐπὶ

2427 4696 2527 4767 τῆς
2562 4694 2860 4766 παρουσίας
2909 4693 2999 4746 τοῦ
3042 4693 3274 4763 Χριστοῦ
3318 4694 3618 4763 γενόμενον.
3651 4693 3721 4768 ΤίΔ
3749 4694 3856 4768 γὰρ
3883 4697 3981 4767 τῆς

2432 4764 2700 4858 ἡμετέρας
2750 4785 2958 4854 φύσεως
3009 4783 3375 4855 πτωχότερον;
3430 4785 3566 4837 Ἀλλ’
3611 4764 3758 4855 ὅμως
3815 4764 3993 4885 aia-rip);

789 4892 1160 4962 primitiasque
1201 4867 1417 4946 nostras
1462 4891 1674 4953 extulit,
1714 4897 1877 4959 atque
1906 4888 1963 4942 in
2006 4885 2330 4940 altissimum
2363 4867 2405 4919 Ῑ)
2434 4879 2494 4948 ἠγ

2283 4901 2330 4936 ιιι
2363 4867 2405 4919 Ῑ)
2434 4879 2620 4948 ήγειρε
2646 4878 2739 4930 καὶ
2771 4876 3008 4947 ἀνήγαγε
3035 4873 3132 4944 τὴν
3165 4874 3411 4945 ἀπαρχὴν
3436 4874 3608 4945 ἡμῶν,
3635 4878 3727 4931 καὶ
3772 4880 3852 4943 εἰς
3889 4880 3980 4932 οὑ-

790 4984 981 5037 οωιυω
1013 4982 1201 5038 sedere
1254 4979 1402 5034 fecit.
1434 4978 1650 5035 Stercus
1696 4988 1874 5034 autem
1924 4978 2025 5031 hoc
2057 4976 2176 5030 loco
2204 4974 2334 5028 dicit

792 5076 1045 5131 vilitatem
1077 5075 1223 5130 illam
1245 5114 1260 5139 ,
1290 5079 1344 5128 et
1374 5073 1729 5141 repentinam,
1757 5086 1876 5141 qua:
1899 5069 2024 5125 inde
2056 5066 2198 5123 facta
2227 5074 2329 5129 cst,

791 5166 1159 5231 mutationem,
1191 5167 1371 5228 omnia
1411 5165 1513 5233 ipsi
1555 5164 1732 5217 facilia
1787 5170 1841 5218 et
1872 5162 2053 5232 pervia
2086 5174 2207 5214 esse
2235 5158 2331 5211 de-

793 5259 1021 5313 clarans.
1056 5256 1180 5312 Haec
1207 5262 1260 5311 et
1291 5256 1444 5310 beata
1471 5255 1644 5319 Anna,
1666 5254 1921 5324 hymnum
1951 5252 2005 5307 in
2037 5251 2330 5323 gratiarum

794 5350 1055 5409 actionem
1086 5347 1195 5403 Deo
1224 5347 1474 5409 oﬁerens,
1502 5346 1633 5401 dicit
1682 5365 1695 5400 :
1754 5344 2003 5398 Dominus
2058 5356 2333 5414 pauperem

795 5442 936 5505 facit,
966 5450 1015 5495 et
1043 5440 1210 5502 ditat;
1238 5439 1498 5499 humiliat,
1526 5448 1574 5492 et
1616 5437 1805 5505 erigit;
1837 5437 2053 5493 suscitat
2086 5433 2148 5488 de
2196 5443 2334 5486 terra

796 5536 1012 5604 inopem,
1044 5542 1095 5586 et
1119 5530 1184 5585 de
1211 5542 1431 5586 stercore
1454 5531 1605 5600 erigit
1629 5543 1923 5599 pauperem,
1946 5537 2003 5580 ut
2040 5527 2215 5580 sedere
2250 5524 2334 5593 {a-

797 5627 895 5677 ciat
923 5640 1040 5678 cum
1070 5623 1406 5692 optimatibus
1452 5622 1647 5691 populi,
1695 5630 1743 5673 et
1791 5620 2029 5672 thronum
2070 5618 2251 5688 gloria:
2278 5616 2332 5667 in

752 5770 756 5775 ,
798 5714 1141 5768 ίωτοάὶιαίειη
1182 5714 1307 5783 ipsis
1360 5711 1587 5767 tribuens
1621 5713 1662 5763 '.
1692 5709 1818 5765 Haec
1874 5723 2033 5779 porro
2088 5707 2333 5761 videmus

1292 5782 1305 5793 ’
2255 5788 2270 5811 ι

2439 4968 2594 5038 ρανὸν
2618 4966 2858 5021 ’ἐκάθισε
2897 4964 2986 5019 τὸν
3029 4963 3370 5036 ὑψηλότερον.
3401 4965 3644 5037 Κοπρίαν
3668 4966 3725 5019 δὲ
3753 4968 3981 5022 ἐνταῦθα

2434 5057 2494 5111 τὸ
2535 5059 2745 5122 εὐτελὲς
2786 5058 2949 5127 λέγει,
2977 5057 3070 5110 καὶ
3112 5055 3206 5127 τὴν
3236 5057 3439 5112 ἐκεῖθεν
3476 5059 3668 5131 ἀθρόον
3695 5061 3980 5132 γινομένην

2439 5150 2753 5221 μεταϐολὴν,
2784 5150 2992 5212 δεικνὺς
3040 5150 3120 5202 ὅτι
3162 5148 3335 5204 πάντα
3359 5150 3504 5220 αὑτῷ
3535 5151 3687 5222 ῥᾴδια
3712 5151 3803 5203 καὶ
3827 5151 3979 5205 abaco-

2435 5242 2521 5295 λα.
2540 5242 2721 5296 Ταῦτα
2753 5242 2809 5294 δὲ
2836 5242 2928 5295 καὶ
2960 5244 2993 5312 ἡ
3025 5241 3261 5313 μακαρία
3292 5243 3456 5297 Ἀννα
3481 5226 3686 5313 εἴρηκε,
3709 5242 3798 5297 τὸν
3823 5260 3978 5315 χαρι-

2439 5335 2651 5405 στήριον
2698 5334 2861 5404 ὕμνον
2890 5333 3266 5405 προσφέρουσα
3290 5334 3367 5404 τῷ
3403 5336 3552 5405 Θεῷο
3583 5334 3795 5402 Κύριος
3831 5350 3978 5389 πτω-

2437 5428 2574 5496 χίζει
2612 5428 2710 5482 καὶ
2748 5425 3059 5490 πλουτίζει,
3094 5427 3359 5480 ταπεινοῖ
3381 5429 3476 5481 καὶ
3506 5426 3745 5493 ἀνυψοῐζ
3766 5426 3978 5495 ἀνιστᾷ

2437 5521 2553 5574 ἀπὸ
2585 5520 2694 5591 γῆς
2734 5520 2975 5587 πένητα,
3004 5518 3099 5577 καὶ
3146 5517 3262 5572 ἀπὸ
3300 5522 3544 5587 κοπρίας
3573 5518 3777 5588 ἐγείρει
3826 5534 3976 5573 πτω-

2436 5610 2567 5679 χὸν,
2614 5612 2850 5667 καθίσαι
2903 5610 3051 5682 μετὰ
3107 5610 3420 5665 δυναστῶν
3470 5609 3649 5677 λαοῦ,
3701 5611 3799 5665 καὶ
3846 5612 3977 5685 θρό-

2438 5722 2547 5758 νον
2615 5706 2798 5774 δόξης
2876 5703 3406 5774 κατακληρονομῶν
3466 5702 3684 5768 αὐτοῖς.
3735 5699 3979 5775 Ὀρῶμεν

864 5933 906 5959 ⁸⁸³
942 5931 1040 5987 Ιδςι.
1076 5947 1236 5998 xxxv,
1268 5932 1300 5985 5
1324 5971 1337 5997 ,
1372 5932 1421 5984 6.
1501 5932 1516 5961 ⁸
1561 5930 1743 5985 Matth.
1780 5943 1908 5996 vtn,
1933 5928 2016 5982 ll.
2084 5927 2103 5958 ¹
2132 5928 2160 6001 ,ι
2193 5923 2322 5996 Reg.
2360 5938 2396 5979 ll
2422 5963 2436 5990 ,
2475 5923 2525 5989 7,
2561 5925 2613 5981 8.
2650 5911 2655 5921 ’
