4318 6406
348 550 484 602 13⁸Ξὸ

1461 534 1951 595 COMMENTARIA
1990 536 2052 590 IN
2090 531 2421 588 PSALMOS.

3351 532 3483 586 ιδκι

342 667 396 719 δὲ
415 664 549 717 αὑτά
576 662 827 733 διηνεκῶς
857 662 958 713 ὑπὸ
1004 658 1091 711 τοῦ
1133 658 1236 710 τῶν
1262 659 1394 711 ὅλων
1427 657 1560 710 Θεοῦ
1591 657 1860 726 γινόμενα.
1891 661 1935 716 Α
1965 670 2047 723 pas

1782 673 1860 710 να.
1891 661 1935 716 Α
1965 648 2256 723 ραεείιιιδι)
2282 651 2653 704 universorum
2692 645 2801 701 Deo
2832 645 2986 701 eﬂici.
3025 645 3111 699 Sic
3138 646 3349 699 beatum
3388 647 3487 700 lia-

348 752 493 805 δῦτω
520 752 608 804 τὸν
643 750 901 821 μακάριον
928 747 1102 810 Δαυῒδ,
1124 746 1348 821 ποιμένα
1367 746 1516 810 ὂντα,
1539 746 1755 816 βασιλέα
1775 762 1868 799 πε-

340 843 534 913 ποίηκε
554 859 567 873 ·
601 841 741 894 οὓτω
772 840 860 891 τὸν
895 836 1104 907 Ἰωσὴφ,
1131 838 1209 898 εἰς
1227 820 1460 889 δουλείαν
1485 835 1865 906 μεταπεσόντα,

345 932 435 985 ἐπὶ
463 932 550 983 τὸν
584 929 850 999 βασιλικὸν
880 927 1094 979 ἐκάθισε
1130 926 1344 995 θρόνον·
1377 925 1516 978 οὕτω
1543 925 1628 978 τὸν
1650 925 1868 987 Μωσέα,

344 1020 609 1092 προϐατέα
633 1020 929 1088 γενόμενον,
952 1017 1270 1087 δημαγωγὸν
1315 1017 1551 1086 ἀπέφηνε
1595 1016 1687 1069 τοῦ
1722 1015 1867 1078 λαοῦ,

344 1114 436 1164 καὶ
462 1110 580 1162 θεὸν
615 1111 971 1179 ἐχειροτόνησε
1003 1106 1094 1159 τοῦ
1122 1105 1316 1177 Φαραὼ
1334 1124 1345 1137 ⁸
1376 1106 1513 1158 οὕτω
1536 1106 1600 1159 τὰ
1625 1106 1769 1174 ἔθνη,
1804 1108 1868 1175 τῇ

343 1198 549 1268 δουλείᾳ
580 1197 675 1266 τῆς
709 1197 953 1259 ἀσεϐείας
980 1196 1285 1249 δουλεύοντα
1319 1196 1407 1248 καὶ
1447 1198 1510 1265 τῇ
1551 1196 1735 1265 κόπρῳ
1774 1194 1870 1262 τῆς

342 1290 605 1361 ἁμαρτίας
630 1288 720 1340 καὶ
752 1287 1068 1357 βδελυγμίας
1098 1285 1483 1355 ἐπικαθήμενα,
1517 1285 1620 1335 τῶν
1650 1284 1740 1336 τοῦ
1771 1285 1869 1335 Ἰσ-

346 1378 475 1449 ραὴλ
516 1376 889 1447 δεδωρημένων
926 1374 1151 1444 ἠξίωσεν
1180 1375 1393 1443 ἀγαθῶν
1415 1392 1427 1404 ·
1471 1374 1608 1426 οὕτω
1644 1374 1739 1443 τὴν
1778 1375 1869 1426 ἁν-

342 1466 605 1534 θρωπείαν
635 1464 789 1532 φύσιν
816 1465 895 1526 εἰς
916 1463 1074 1515 αὑτὸν
1100 1461 1500 1516 καταπεσοῦσαν
1521 1461 1608 1512 τόν
1635 1460 1725 1514 τοῦ
1748 1460 1870 1531 ᾃδου

342 1554 604 1623 πυθμένα,
636 1552 858 1605 ἁνέλαὸε
902 1554 996 1605 καὶ
1024 1552 1400 1622 άνήγαγε,.καί
1423 1550 1666 1603 ἐκάθισεν
1694 1551 1873 1603 ἐπάνω

342 1646 520 1713 πάσης
559 1645 725 1715 ἀρχῆς
750 1645 839 1695 καὶ
866 1643 1107 1705 ἐξουσίας
1139 1644 1230 1695 καὶ
1263 1642 1589 1713 κυριότητος,
1615 1641 1706 1693 καὶ
1738 1657 1872 1693 παν-

340 1735 428 1797 τὸς
472 1733 724 1803 ὀνόματος
764 1732 1178 1803 ὀνομαζομένου,
1207 1733 1267 1785 ού
1322 1733 1475 1802 μόνον
1522 1733 1579 1784 ἐν
1619 1732 1696 1801 τῷ
1722 1731 1872 1783 αἰῶνι

342 1824 531 1893 τούτῳ,
560 1823 689 1876 ἀλλὰ
714 1823 806 1877 καὶ
831 1827 885 1875 ὲν
915 1824 991 1893 τῷ
1018 1822 1273 1892 μέλλοντι.

822 1935 1231 1996 ΑΛΛΗΛΟΥΙΑ.
1275 1932 1413 1986 PII".

1967 744 2160 805 videm,
2187 741 2277 811 qui
2308 747 2488 810 pastor
2514 747 2648 803 erat,
2675 752 2853 805 regem
2888 737 3198 803 constituit,
3229 738 3318 816 sic_
3336 734 3488 792 lose-

1966 833 2129 901 phum
2162 832 2215 885 in
2246 830 2552 886 servitutem
2574 827 2877 896 delapsum,
2911 826 2967 878 in
2996 827 3144 893 regio
3186 825 3380 879 throno
3405 840 3490 880 se-

1968 924 2093 978 dere
2138 922 2296 988 fecit;
2325 922 2403 976 sic
2434 919 2691 989 Moysem,
2729 918 2819 987 qui
2860 924 3043 986 pastor
3090 916 3283 981 fuerat,
3311 927 3491 970 orato-

1968 1029 2078 1069 rem
2100 1014 2280 1083 populi
2308 1010 2678 1072 denuntiavit,
2705 1018 2757 1063 et
2782 1009 2937 1062 deum
2964 1006 3258 1061 Pharaonis
3287 1007 3492 1061 consti-

1969 1104 2101 1166 tuit;
2135 1104 2212 1155 sic
2242 1110 2428 1171 gentes
2481 1114 2599 1169 quae
2638 1098 2924 1167 impietatis
2974 1097 3216 1151 servituti
3254 1097 3492 1151 subacta:

1969 1202 2136 1255 erant,
2172 1202 2223 1246 et
2253 1190 2473 1245 stercori
2512 1189 2711 1258 peccati
2742 1195 2794 1242 et
2832 1186 3240 1240 abominationis
3291 1184 3494 1239 inside-

1968 1285 2115 1345 bant,
2138 1282 2292 1337 bonis
2316 1280 2497 1336 Israeli
2524 1279 2733 1333 collatis
2761 1279 3010 1347 dignatus
3041 1285 3155 1341 est;
3187 1277 3263 1330 sic
3304 1275 3493 1333 huma-

1971 1388 2092 1426 nam
2129 1379 2375 1425 naturam
2398 1362 2516 1440 quae
2543 1368 2596 1422 in
2627 1368 2812 1442 ipsum
2832 1367 3024 1420 inferni
3053 1364 3371 1435 profundum
3399 1363 3493 1417 de-

1968 1461 2189 1524 ciderat,
2230 1460 2447 1528 recepit,
2481 1456 2711 1520 reduxit,
2739 1464 2792 1509 et
2814 1470 2973 1525 supra
3000 1469 3208 1509 omnem
3233 1453 3496 1524 principa-

1969 1559 2105 1613 tum,
2146 1558 2461 1620 potestatem
2502 1556 2555 1601 et
2585 1547 3000 1601 dominationem
3051 1545 3234 1600 sedere
3267 1544 3408 1604 fecit,
3432 1558 3496 1597 ac

1970 1656 2131 1709 supra
2158 1656 2315 1695 omne
2350 1653 2566 1701 nomen,
2595 1653 2702 1691 non
2730 1638 2903 1691 solum
2934 1637 2989 1689 in
3020 1636 3121 1691 hoc
3147 1636 3361 1698 saeculo,
3402 1633 3495 1690 sed

1968 1733 2127 1785 etiam
2164 1731 2216 1783 in
2254 1730 2429 1783 Futuro
2456 1728 2744 1799 prolatum.

2455 1921 2806 1977 ALLELUIA.
2837 1921 3019 1977 CXIII.

420 2022 513 2074 Ἐν
536 1989 720 2089 ἐξόδῳ
757 1992 993 2091 Ἰσραὴλ
1017 2022 1085 2085 ἐξ
1118 2023 1432 2089 Αἰγύπτου,
1463 2021 1631 2074 οἴκου
1676 2020 1872 2074 Ἰακὼϐ
1903 2004 1939 2057 Β
2042 2011 2125 2065 V81

1794 2020 1872 2073 ὼε
1903 2004 1939 2057 Β
2042 2011 2200 2067 Vens.
2251 2013 2298 2076 ι,
2329 2012 2383 2066 2.
2431 2012 2495 2065 In
2543 2015 2683 2065 exitu
2726 2010 2893 2064 Israel
2930 2011 2992 2063 de
3020 2009 3267 2079 .Egypto,
3316 2009 3499 2063 domus

338 2112 405 2163 ἐκ
428 2112 579 2165 λαοῦ
592 2114 909 2181 βαρϐάρου,
946 2110 1190 2180 ἐγενήθη
1230 2111 1470 2164 Ἰουδαία
1494 2112 1750 2178 ἀγίασμα
1773 2112 1872 2164 αὺ-

340 2202 463 2267 τοῦ,
493 2204 729 2271 Ἰσραὴλ
758 2204 1003 2267 ἐξουσία
1027 2202 1228 2255 αὑτοῦ.
1252 2202 1453 2271 Ὗμνος
1474 2203 1564 2255 καὶ
1589 2196 1735 2275 οὗτός
1761 2204 1872 2253 ἐστι

338 2293 744 2364 τὰς’ἰουδαίοις
775 2293 878 2346 ὑπὸ
909 2290 1003 2345 τοῦ
1036 2292 1167 2345 Θεοῦ
1200 2294 1626 2362 παρασχεθείσας
1655 2294 1871 2364 εὐεργε-

343 2363 461 2444 σίας
481 2379 705 2445 διεξιὼν,
737 2381 828 2433 καὶ
852 2379 945 2433 τοῦ
976 2380 1109 2432 Θεοῦ
1136 2381 1233 2449 τὴν
1258 2381 1479 2449 δύναμιν
1505 2381 1869 2452 διηγούμενος,

342 2468 431 2519 καὶ
454 2468 559 2519 τῶν
587 2467 813 2521 εἰδώλων
838 2468 1109 2538 κωμῳδῶν
1136 2467 1233 2538 τὴν
1261 2470 1553 2522 ἀσθένειαν.
1598 2471 1871 2539 ’Λρμόττει

339 2559 395 2610 δὲ
442 2559 532 2611 καὶ
578 2553 726 2621 οὗτος
763 2559 791 2610 ὁ
838 2556 1001 2627 ὕμνος
1043 2554 1152 2621 τοῖς
1186 2558 1244 2621 ἐξ
1275 2558 1438 2611 ὲθνῶν
1471 2562 1900 2625 πεπιστευκόσι,’

341 2646 550 2715 καὶτῆς
582 2645 687 2698 τῶν
718 2643 943 2698 εἰδώλων
990 2645 1193 2717 πλάνης
1225 2646 1650 2715 ἀπηλλαγμένοις
1670 2663 1683 2677 ⁸
1738 2666 1872 2718 μαν-

341 2740 555 2795 θάνουσι
582 2740 687 2810 γὰρ
717 2741 837 2792 ὅσον
864 2741 923 2792 τὸ
958 2739 1118 2810 μέσον
1146 2741 1252 2791 τῶν
1292 2740 1388 2792 οὐκ
1423 2739 1587 2792 ὄντων
1624 2741 1754 2811 πρὸς
1784 2740 1873 2793 τὸν

338 2828 483 2892 ὄντα,
517 2830 608 2883 καὶ
624 2829 698 2891 ὡς
728 2823 806 2891 εἷς
836 2830 948 2881 ἐστι
981 2829 1110 2891 Θεὸς
1140 2826 1376 2890 Παλαιᾶς
1405 2828 1497 2881 καὶ
1533 2830 1735 2898 Καινῆς
1754 2833 1874 2882 Δια-

341 2919 531 2990 θήκης.
582 2919 725 2973 ’Δντὶ
752 2920 808 2972 δὲ
850 2918 964 2981 τοῦ,
1009 2921 1107 2973 Ἐκ
1160 2919 1309 2972 λαοῦ
1353 2919 1683 2987 βαρϐάρου,
1716 2921 1743 2971 ό
1778 2922 1874 2990 μὲν

356 3009 601 3073 Ἀκύλας,
626 3010 765 3063 Ἀπὸ
787 3010 936 3064 λαοῦ
964 3009 1419 3077 ἐτερογλώσσου·
1444 3010 1539 3062 όδὲ
1567 3010 1871 3080 Σύμμαχος,

353 3099 618 3153 Ἐκλαοῦ
661 3100 1032 3168 ἀλλοφώνυυ,
1058 3100 1363 3153 ἐκδέδωκεν.
1408 3099 1685 3169 Ἐγεννήθη
1730 3102 1872 3155 Ἰου-

340 3190 478 3242 δαία
524 3189 784 3258 ἁγίασμα
833 3190 1036 3253 αὐτοῦ,
1098 3186 1328 3256 Ἰσραὴλ
1381 3188 1628 3251 ἐξουσία
1670 3190 1869 3243 αὐτοῦ.

341 3279 511 3333 Πάλαι
550 3280 654 3347 μὲν
684 3281 811 3349 γὰρ,
849 3282 936 3333 ὅτε
963 3277 1050 3331 διὰ
1090 3277 1369 3340 Μωῦσέως
1396 3277 1489 3346 τὴν
1529 3276 1584 3343 ἐξ
1603 3278 1871 3346 Αἰγύπτου

341 3372 561 3442 πορείαν
574 3373 889 3443 ἐποιήσαντο
910 3372 959 3423 οἰ
974 3370 1080 3423 ἀπὸ
1094 3368 1185 3422 τοῦ
1202 3369 1461 3440 προτέρου
1479 3370 1622 3426 Ααοῦ.
1646 3370 1879 3440 βραχύτι

343 3462 527 3532 μόριον
541 3464 636 3532 τῆς
650 3464 749 3530 τῆς
769 3461 857 3512 καὶ
888 3460 1086 3529 σφόδρα
1113 3459 1329 3530 εὐτελὴς
1346 3458 1511 3527 γωνία
1540 3460 1634 3531 τῆς
1664 3462 1880 3532 ἁπάσης

339 3552 679 3622 οἰκουμένης,
698 3551 940 3615 Ἰουδαία,
977 3549 1241 3613 ἐξείλεκτο
1262 3550 1336 3620 τῷ
1358 3550 1493 3621 Θεῷ,
1521 3552 1613 3604 καὶ
1648 3550 1793 3612 ἔθνος
1824 3551 1881 3604 ἓν

339 3644 400 3696 τὸ
442 3644 738 3697 Ἰουδαίωνσ
761 3644 880 3696 ἐπεὶ
910 3643 987 3708 δὲ,
1020 3642 1117 3712 τῆς
1150 3644 1410 3712 σωτηρίου
1452 3643 1764 3712 ἐπιφανείας
1782 3643 1879 3712 τῆς

342 3736 555 3807 χάριτος
581 3734 916 3803 άπλωθείσης
944 3734 1061 3786 καθ’
1090 3733 1215 3803 ὅλης
1258 3735 1354 3801 τῆς
1395 3734 1729 3806 οἰκουμένης,
1775 3735 1881 3789 ἀπὸ

341 3825 607 3881 ἀνατολῶν
652 3824 798 3896 ἡλίου
857 3824 1015 3895 μέχρι
1066 3822 1283 3893 δυσμῶν
1339 3825 1543 3879 αἰνετὺν
1586 3826 1646 3879 τὸ
1712 3826 1880 3897 ὄνομα

340 3915 576 3991 Κυρίου,
600 3916 703 3969 καὶ
730 3914 930 3989 ὑψηλὸς
970 3914 1069 3967 οὐκ
1096 3914 1185 3967 ἐπ’
1215 3914 1363 3979 ἔθνος
1387 3916 1477 3969 τὸν
1514 3914 1738 3987 Ἰσραὴλ,
1765 3916 1879 3970 ἀλλ’

341 4006 539 4079 ὑψηλὸς
564 4006 654 4060 ἐπὶ
677 4005 851 4059 πάντα
885 4004 955 4057 τὰ
981 4003 1105 4082 ἔθνη
1136 4006 1352 4073 γέγονεν
1378 4008 1406 4059 ό
1430 4006 1648 4077 Κύριος.

420 4096 483 4152 Ἠ
509 4096 785 4151 θάλασσα
836 4091 991 4161 εἶδε,
1032 4097 1127 4149 καί
1189 4098 1440 4169 ἔφυγεν,
1486 4100 1518 4150 d
1576 4097 1877 4165 Ἰορδάνης

339 4187 603 4257 ἐστράφη
638 4190 725 4253 εἰς
750 4188 820 4242 τὰ
855 4188 1073 4241 ὀπίσω·
1113 4188 1181 4240 τὰ
1213 4188 1316 4255 ὄρη
1336 4188 1701 4255 ἐσκίρτησαν
1735 4190 1874 4242 ὡσεί

341 4278 511 4346 κριοὶ,
547 4278 643 4330 καὶ
667 4280 720 4331 οί
744 4277 955 4341 ,Βουνσί
990 4279 1127 4331 ὡσεί
1146 4279 1316 4345 ἀρνία
1332 4278 1650 4345 προϐάτων.
1687 4280 1744 4330 Τί
1775 4280 1875 4331 σοί

340 4370 489 4429 ἐστι,
535 4367 827 4431 θάλασσα,
876 4367 963 4420 ὅτι
1010 4367 1243 4437 ἔφυγες,
1286 4368 1380 4422 καί
1430 4369 1547 4433 σοί,
1587 4367 1869 4436 Ἰορδάνῃ,

342 4459 428 4511 ὅτι
458 4458 755 4526 ἐστράφης
782 4460 868 4523 εἰς
901 4458 973 4512 τὰ
1006 4460 1230 4522 dalata;
1282 4458 1353 4512 τὰ
1403 4459 1529 4527 ὄρη,
1558 4458 1646 4512 ὅτι
1673 4460 1872 4528 ἐσκιρ-

341 4548 561 4612 τήσατε
590 4548 732 4602 ὠσεί
790 4548 959 4617 κριοὶ,
1006 4548 1104 4601 καί
1146 4552 1199 4602 οἰ
1225 4549 1460 4614 βουνοί,
1511 4548 1651 4603 ὡσεί
1698 4550 1873 4618 ἀρνία

1973 2102 2135 2157 Iacob
2166 2104 2228 2157 de
2247 2103 2431 2171 populo
2459 2102 2701 2166 barbaro,
2724 2102 2875 2183 facta
2894 2110 2967 2154 est
2985 2100 3173 2154 Iudaea
3202 2101 3499 2168 sancti/ica-

1977 2196 2048 2247 tio
2094 2194 2224 2264 ejus,
2262 2193 2431 2247 Israel
2468 2203 2694 2261 potestas
2732 2191 2861 2260 ejus.
2913 2190 3008 2244 Hic
3040 2206 3249 2259 quoque
3273 2190 3501 2259 hymnus

1975 2289 2078 2343 est,
2100 2282 2192 2350 qui
2222 2281 2476 2335 beneﬁcia
2515 2287 2894 2334 commemorat
2923 2277 3121 2332 Iudaeis
3151 2292 3180 2330 a
3209 2276 3316 2331 Deo
3336 2277 3504 2331 colla-

1976 2379 2048 2434 ta,
2076 2379 2232 2440 atque
2252 2370 2343 2425 Dei
2375 2372 2623 2424 virtutem
2652 2376 2888 2433 enarrat,
2934 2369 3303 2436 idolorumque
3334 2368 3503 2421 imbe-

1975 2461 2245 2515 cillitatem
2273 2460 2495 2537 deridet.
2521 2458 2924 2515 Convenititem
2961 2461 3046 2512 hic
3072 2459 3298 2529 hymnus
3325 2460 3504 2528 genti-

1977 2550 2116 2602 libus
2140 2550 2229 2617 qui
2252 2548 2613 2613 crediderunt,
2641 2558 2695 2604 et
2714 2550 2781 2605 ab
2809 2549 3071 2603 idolorum
3094 2563 3277 2603 errore
3297 2549 3505 2603 liberati

1977 2647 2101 2694 sunt
2126 2659 2137 2692 :
2163 2639 2381 2693 discunt
2414 2641 2555 2694 enim
2586 2648 2843 2710 quantum
2882 2641 3092 2695 intersit
3126 2642 3266 2697 inter
3292 2656 3386 2695 eos
3414 2641 3507 2709 qui

1976 2747 2083 2785 non
2108 2740 2235 2787 sunt
2260 2740 2313 2785 et
2336 2747 2456 2785 eum
2479 2732 2571 2801 qui
2604 2740 2706 2795 est,
2737 2741 2790 2785 et
2816 2731 2958 2801 quod
2986 2746 3124 2787 unus
3165 2732 3411 2801 idemque
3438 2733 3508 2786 sit

1978 2821 2185 2877 Veteris
2203 2831 2256 2876 et
2293 2821 2423 2876 Novi
2462 2821 2789 2877 Testamenti
2833 2821 2994 2877 Deus.
3031 2821 3136 2875 Pro
3174 2822 3265 2877 illo
3304 2833 3504 2889 autem,

1977 2912 2052 2965 De
2072 2914 2257 2981 populo
2288 2912 2544 2975 barbaro;
2571 2912 2783 2982 Aquila,
2822 2908 2899 2966 D'e
2931 2912 3117 2980 populo
3149 2911 3364 2967 alterius
3405 2913 3509 2966 lin-

1976 3019 2120 3072 guae;
2158 3003 2527 3073 Symmachus,
2558 3001 2632 3055 De
2666 3003 2852 3071 populo
2881 3005 3096 3057 alterius
3133 3005 3288 3070 vocis,
3321 3004 3506 3060 edidit.

1981 3092 2146 3146 Facta
2184 3103 2259 3146 est
2303 3091 2491 3145 Juda'a
2536 3094 2881 3162 sanctiﬁcatio
2924 3094 3055 3162 ejus,
3087 3092 3257 3147 Israel
3283 3103 3508 3162 potestas

1977 3184 2105 3252 ejus.
2141 3183 2277 3238 Olim
2309 3200 2537 3256 namque
2569 3200 2689 3239 cum
2730 3185 2876 3255 prior
2908 3186 2995 3239 ille
3030 3184 3257 3255 p0pulus
3277 3224 3292 3251 ,
3327 3185 3509 3256 Moyse

1979 3274 2136 3339 duce,
2155 3274 2440 3327 transitum
2473 3275 2744 3329 faceretex
2763 3273 3013 3346 Egypto,
3044 3274 3251 3330 modica
3267 3278 3507 3346 quaedam

1981 3372 2134 3418 terra:
2152 3366 2344 3433 portio,
2362 3373 2415 3418 et
2436 3365 2659 3435 exiguus
2685 3354 2851 3419 totius
2878 3365 3025 3420 onbis
3049 3367 3297 3438 angulus,
3323 3366 3509 3423 Iudaea

1980 3455 2203 3517 scilicet,
2235 3469 2265 3507 a
2298 3454 2405 3509 Deo
2433 3456 2602 3510 electa
2645 3456 2838 3522 fuerat,
2872 3467 3030 3527 atque
3068 3474 3172 3512 una
3200 3448 3508 3515 Iudaeorum

1964 3546 2145 3599 natio.
2175 3544 2308 3599 Cum
2355 3555 2531 3600 autem
2573 3562 2668 3616 per
2698 3549 2985 3602 salutarem
3031 3548 3313 3604 adventum
3339 3540 3513 3621 'gratia

1962 3638 2033 3710 in
2068 3644 2182 3691 toto
2214 3638 2342 3691 orbe
2369 3636 2543 3693 eﬂ‘usa
2565 3646 2729 3702 esset,
2760 3653 2789 3691 a
2828 3640 2957 3693 solis
2982 3652 3101 3692 ortu
3129 3643 3388 3709 usquead
3417 3656 3513 3696 oc-

1976 3742 2164 3783 casum
2222 3728 2487 3783 laudabile
2520 3729 2618 3782 fuit
2660 3744 2855 3783 nomen
2881 3728 3091 3783 Domini
3125 3749 3137 3783 :
3173 3744 3236 3784 ac
3265 3734 3512 3792 excelsus

1978 3832 2087 3872 non
2127 3832 2289 3888 super
2315 3834 2473 3872 unam
2506 3820 2718 3873 lsraelis
2760 3826 2992 3889 gentem,
3027 3821 3121 3875 sed
3149 3822 3393 3877 excelsus
3420 3838 3514 3878 su-

1976 3923 2077 3977 per
2106 3924 2293 3964 omnes
2320 3919 2504 3978 gentes
2529 3894 2629 3963 fuit
2656 3909 2937 3966 Dominus.
3456 3912 3459 3915 ’

2045 4091 2207 4145 Vens.
2240 4091 2345 4145 3-8.
2375 4089 2523 4161 Mare
2543 4089 2686 4154 vidit,
2712 4098 2761 4143 et
2786 4090 2939 4159 fugit,
2959 4069 3216 4146 dardanis
3236 4109 3511 4150 conversus

1972 4193 2048 4237 est
2075 4193 2374 4236 retrorsum.
2413 4181 2615 4233 Montes
2638 4180 3020 4234 exsultaverunt
3065 4184 3197 4236 sicut
3219 4186 3433 4247 arietes,
3465 4196 3515 4239 et

1972 4273 2125 4326 colles
2167 4272 2300 4324 sicut
2331 4272 2450 4340 agni
2480 4272 2667 4325 ovium.
2698 4269 2856 4335 ‘Qutd
2890 4281 2966 4333 est
3013 4261 3125 4337 tibi,
3165 4291 3328 4338 mare,
3378 4277 3513 4345 quod
3588 4338 3590 4340 τ

1971 4361 2169 4431 fugisti,
2192 4369 2240 4412 et
2271 4369 2345 4421 tu,
2365 4359 2638 4426 Jordanis,
2660 4363 2781 4430 quia
2799 4376 3070 4416 conversus
3101 4380 3154 4417 es
3188 4377 3469 4420 retrorsum
3490 4371 3512 4424 .’
3614 4414 3615 4417 η

1970 4450 2195 4513 Montes,
2227 4450 2528 4504 exsultastis
2552 4451 2689 4529 sicut
2722 4452 3001 4516 arietes,et
3026 4455 3204 4519 colles,
3238 4446 3370 4511 sicut
3391 4443 3515 4529 agn"

1972 4542 2183 4595 ouium?
2215 4539 2255 4591 Α
2289 4539 2423 4607 facie
2454 4512 2657 4594 υοῶηἰ
2708 4548 2849 4592 mota
2880 4512 2956 4594 est
2984 4551 3144 4609 terra,
3192 4512 3225 4598 ιι
3251 4543 3385 4613 facie
3416 4512 3513 4600 Dei

342 4637 687 4706 xpoﬁdtwr;
724 4637 861 4693 Ἀπὸ
911 4637 1230 4719 προσώπου
1251 4638 1468 4706 Κυρίου
1494 4639 1788 4707 ἐσαλεύθη
1832 4641 1871 4709 ei
1904 4670 1947 4725 υ
1974 4632 2047 4686 1w

1832 4641 1871 4709 ή
1904 4670 1947 4725 D
1974 4632 2134 4686 Iacob
2156 4673 2171 4698 ,
2202 4633 2290 4700 qui
2326 4632 2572 4716 convertit
2608 4639 2806 4699 petram
2850 4631 2904 4683 in
2936 4641 3123 4702 stagna
3151 4650 3425 4703 aquarum,
3459 4645 3508 4690 et

340 4728 439 4799 τῆ,
454 4728 569 4784 ἀπὸ
597 4727 912 4795 προσώπου
927 4728 1031 4781 τοῦ
1048 4718 1192 4781 Θεοῦ
1218 4727 1439 4795 Ἰακὼϐ,
1462 4729 1566 4784 τοῦ
1583 4727 1876 4797 στρέψαν-

341 4836 443 4883 τος
467 4818 578 4886 τὴν
598 4818 817 4886 πέτραν
840 4821 925 4885 εἰς
950 4819 1165 4889 λίμνας
1190 4818 1436 4882 ὑδάτων,
1454 4821 1550 4874 καί
1574 4820 1687 4886 τὴν
1704 4821 1877 4888 ἀκρό-

342 4923 523 4975 τομον
552 4909 637 4971 εἰς
658 4906 847 4974 πηγὰς
878 4905 1126 4961 ὑδάτων.
1153 4910 1306 4959 Δοκεῖ
1327 4925 1414 4977 μοι
1445 4908 1605 4960 πάλιν
1635 4907 1877 4960 ἐντεῦθεν

341 4998 371 5048 ὁ
414 4994 565 5061 λόγος
606 4994 701 5062 τὴν
750 4985 1077 5063 προφητείαν
1110 4994 1374 5047 ¹ιιιοιεῖσθαι
1419 4993 1517 5063 τῆς
1562 4994 1667 5047 τῶν
1710 4994 1877 5048 ἐθνῶν

341 5085 591 5139 ἁπάντων
638 5084 894 5153 κλήσεως.
930 5085 1103 5137 Πάλαι
1132 5086 1225 5153 μὲν
1250 5083 1376 5155 γὰρ,
1406 5085 1555 5152 φησί,
1602 5085 1739 5137 κατὰ
1781 5086 1876 5155 τὴν

342 5178 400 5243 ἐξ
431 5176 698 5245 Αἰγύπτου
716 5176 956 5245 πορείαν,
987 5174 1208 5228 Ἰουδαία
1235 5176 1365 5248 μόνη
1396 5176 1610 5243 γέγονεν
1635 5177 1877 5246 ἁγίασμα

340 5267 434 5321 τοῦ
461 5266 612 5329 Θεοῦ,
631 5267 720 5317 καὶ
753 5264 904 5335 μόνος
928 5263 1135 5335 Ἰσραὴλ
1167 5265 1269 5317 ὑπὸ
1295 5263 1391 5335 τὴν
1418 5265 1657 5330 ἐξουσίαν
1692 5267 1874 5323 αὑτοῦ.

344 5358 453 5412 Καὶ
487 5357 649 5411 πάλαι
679 5358 776 5427 μὲν
806 5357 1001 5428 μερική
1050 5372 1131 5419 τις
1165 5355 1381 5424 γέγονεν
1405 5356 1651 5428 αἴσθησις
1678 5357 1876 5415 θαλάσ-

346 5465 463 5518 σης,
490 5449 593 5502 καὶ
626 5432 863 5518 ποταμοῦ
901 5448 992 5501 καὶ
1027 5446 1166 5517 ὀρῶν
1195 5447 1287 5500 καὶ
1328 5445 1561 5517 βουνῶν·
1598 5448 1692 5502 νῦν
1719 5449 1775 5502 δὲ
1816 5451 1876 5503 τὸ

346 5539 468 5591 πᾶν
494 5540 746 5607 στοιχεῖον
788 5539 884 5609 τῆς
945 5539 1053 5609 γῆς»
1080 5537 1334 5605 ,κινείσθω
1384 5539 1475 5594 καὶ
1532 5539 1834 5594 σαλευέσθω
1859 5557 1873 5571 ο

347 5626 545 5699 μᾶλλον
570 5628 625 5683 δὲ
651 5630 792 5683 κατὰ
814 5630 903 5683 τὸν
930 5628 1173 5693 ’Δκύλαν,
1194 5629 1547 5699 ὼδινησάτω,
1580 5632 1723 5696 ὅπως
1745 5632 1879 5701 πλη-

349 5715 491 5789 ρωθῇ
540 5716 600 5770 τὸ
652 5721 934 5789 εἰρημένον
990 5721 1094 5775 ὑπὸ
1151 5725 1366 5779 Ἡσαΐου
1418 5723 1720 5794 προφήτου·
1784 5723 1879 5789 Τίς

418 5871 438 5903 ⁸
474 5868 576 5928 Isa.
610 5850 759 5937 ιινι,
784 5872 836 5927 8.

581 5965 849 6027 Ρηιιοι..
894 5963 1010 6028 Gn.
1054 5963 1288 6027 XXIII.

1976 4734 2292 4794 prteruptum
2323 4726 2375 4777 in
2396 4724 2559 4791 fontes
2587 4738 2857 4794 aquarum.
2884 4720 3108 4777 Videtur
3134 4724 3261 4778 mihi
3295 4741 3511 4780 rursum

1981 4818 2065 4870 hic
2089 4830 2265 4871 sermo
2313 4814 2642 4885 prophetiam
2688 4814 2848 4869 edere
2879 4813 2945 4869 de
2990 4815 3227 4886 gentium
3272 4818 3511 4887 omnium

1980 4906 2278 4959 vocatione.
2336 4903 2473 4959 Olim
2527 4918 2787 4974 namque,
2845 4905 2947 4969 ait,
2991 4920 3114 4958 cum
3167 4905 3396 4976 populus
3440 4906 3512 4960 ex

1983 4993 2214 5066 Egypto
2235 4994 2600 5063 egrederetur,
2633 4993 2747 5047 sola
2784 4990 2967 5047 Iudaea
3000 4992 3139 5046 facta
3167 5001 3249 5049 est
3275 4993 3511 5048 sanctiﬁ-

1981 5086 2121 5143 catio
2153 5086 2265 5148 Dei,
2297 5091 2348 5138 et
2363 5083 2510 5138 solus
2530 5084 2697 5138 Israel
2728 5084 2829 5140 sub
2862 5092 3125 5155 potestate
3144 5085 3260 5153 ejus
3286 5091 3419 5139 erat.
3445 5084 3515 5138 Et

1917 5173 1928 5180 ’
1954 5178 2105 5233 ὀιίῐιι
2135 5175 2346 5245 quidem
2370 5173 2709 5243 particularis
2737 5189 2929 5230 sensus
2962 5175 3125 5229 maris
3149 5182 3284 5236 erat,
3317 5182 3371 5228 et
3405 5174 3507 5240 αυτ

1980 5270 2140 5322 minis
2166 5275 2217 5321 et
2248 5268 2505 5320 montium
2535 5268 2817 5323 etcollium
2844 5282 3018 5322 :nunc
3046 5280 3171 5321 vero
3201 5266 3509 5320 universum

1978 5369 2133 5414 teme
2160 5358 2477 5412 elementum
2501 5366 2775 5413 moveatur
2801 5368 2853 5412 et
2878 5356 3244 5416 concutiatur;
3269 5356 3376 5409 imo
3407 5372 3509 5425 po-

1978 5452 2086 5507 tius
2132 5448 2428 5504 secundum
2476 5449 2741 5519 Aquilam,
2782 5448 3059 5523 parturiat,
3114 5454 3172 5500 ut
3225 5447 3507 5517 impleatur

1979 5540 2119 5612 quod
2142 5540 2341 5595 dictum
2369 5550 2451 5595 est
2476 5556 2572 5611 per
2595 5531 3125 5609 Isaiam‘prophetam
3167 5535 3336 5616 :Quis
3363 5537 3511 5591 audi-

1980 5633 2050 5687 vit
2092 5632 2241 5693 talia,
2270 5640 2319 5685 et
2358 5632 2473 5702 quis
2510 5630 2635 5686 vidit
2664 5631 2775 5686 sic?
2798 5628 2861 5685 Si
2885 5628 3160 5698 parturivit
3187 5629 3401 5682 terrain
3426 5629 3515 5685 die

1981 5739 2107 5787 una,
2123 5732 2171 5777 et
2198 5730 2323 5777 nata
2347 5731 2425 5778 est
2452 5737 2573 5794 gens
2595 5730 2705 5775 tota
2727 5718 2883 5775 simul
2903 5718 2960 5772 '?
2983 5716 3115 5773 Nam
3146 5730 3270 5772 cum
3301 5723 3516 5779 vocatio

3114 5962 3189 6020 ίι3
