4318 6444
813 491 949 546 ΒΞῖῦ
1501 493 1760 548 EUSEBII
1797 493 2267 550 CAESARIENSIS
2302 493 2452 548 OPP.
2494 493 2672 549 i’AllS
2709 493 2795 547 lii.
2821 523 2890 536 -—
2928 489 3331 546 EXEGETICA.

3874 492 4010 549 (556

811 603 1047 670 gentium
1076 609 1130 657 et
1184 601 1277 658 Dei
1328 602 1497 673 gratia
1529 605 1585 658 in
1613 605 1926 661 universum
1961 606 2241 661 hominum
2266 621 2358 661 or-
2390 658 2391 661 η

2416 618 2433 665 ι
2462 606 2690 673 ἤκουσε
2707 603 2964 665 τοιαῦτα,
2991 602 3087 656 καὶ
3108 603 3200 667 τίς
3224 602 3481 669 ἑώρακεν
3499 604 3683 668 οὕτως
3696 619 3715 666 ;
3762 601 3827 656 Et
3845 604 4016 658 ὥδινσ

811 694 932 747 bern
954 691 1271 761 eﬂ'undenda
1294 702 1459 759 esset,
1489 682 1710 750 necesSe
1747 712 1973 765 prorsus
1999 709 2115 752 erat
2139 697 2362 751 simula-

2463 694 2537 763 γῆ
2562 696 2631 747 έν
2654 693 2763 759 μιᾷ
2789 692 2998 760 ἡμέρᾳ,
3034 691 3130 744 καὶ
3156 691 3363 757 ἐτέχθη
3391 691 3559 756 ἔθνος
3584 692 3838 756 εἰσάπαξ
3859 708 3878 755 ;
3906 691 4018 760 Τῆς

811 796 903 835 cra
956 782 1193 852 gentium
1242 798 1271 836 a
1319 785 1520 837 seculo
1550 785 1810 849 stabilita,
1850 787 2268 841 commotionem
2310 792 2363 838 et

2463 785 2568 853 γὰρ
2601 783 2849 853 κλήσεως
2889 780 2998 833 τῶν
3028 778 3197 833 ὲθνῶν
3240 780 3332 832 καὶ
3377 780 3479 848 τῆς
3509 780 3602 832 τοῦ
3632 780 3766 834 Θεοῦ
3801 781 4021 851 χάριτος

814 873 1231 926 concessionem
1260 874 1395 941 pati,
1426 880 1478 929 et
1505 874 1775 930 daemones
1808 877 1863 929 in
1902 878 2033 945 ipsis
2067 877 2369 930 habitantes

2468 871 2759 943 μελλούσης
2790 870 3002 941 χεῖσθαι
3037 870 3155 923 καθ’
3180 860 3311 939 ’ὅλης
3339 870 3436 939 τῆς
3460 868 3562 921 ὑπὸ
3594 869 3700 923 τῶν
3724 868 4023 941 ἀνθρώπων

815 960 1019 1029 fugere,
1052 969 1110 1015 ut
1146 963 1377 1032 p0pulus
1420 980 1483 1019 es
1524 965 1777 1035 gentibus
1824 982 1922 1037 per
1964 974 2136 1021 totum
2182 966 2366 1019 orbem

2467 959 2809 1029 οἰκουμένης,
2841 958 3051 1030 ἀνάγκη
3080 960 3227 1012 πᾶσα
3248 955 3321 1030 ἣν
3351 961 3418 1012 τὰ
3446 960 3504 1026 ἐξ
3538 960 3727 1023 αἰῶνος
3768 958 4025 1030 ἱδρυμένα

814 1048 926 1104 Deo
957 1060 1294 1107 nasceretur.

2470 1050 2787 1120 σεϐάσματα
2815 1048 2921 1102 τῶν
2952 1048 3119 1101 ἐθνῶν
3149 1048 3306 1115 σάλον
3335 1050 3427 1101 καὶ
3469 1049 3651 1103 κλόνον
3686 1050 3894 1113 παθεῖν,
3934 1047 4028 1101 καὶ

812 1142 934 1204 τοὺς
961 1143 1017 1194 ἐν
1044 1142 1224 1205 αὐτοῖς
1251 1143 1507 1213 δαίμονας
1533 1147 1743 1213 φυγεῖν,
1787 1148 1871 1200 ἱνα
1895 1146 1972 1216 τῷ
1996 1145 2115 1215 Θεῷ
2130 1142 2355 1213 γεννηθῇ
2391 1141 2511 1194 καθ’
2549 1142 2675 1210 ὅλης
2705 1140 2804 1209 τῆς
2838 1139 3159 1209 οἰκουμένης
3187 1143 3216 1193 ό
3248 1139 3307 1204 ἐξ
3329 1139 3495 1192 ἐθνῶν
3527 1140 3674 1202 λαός.

887 1230 1053 1287 Vens.
1094 1232 1187 1286 1-4
1213 1233 1308 1305 (1).
1347 1232 1656 1299 Nonnobis,
1690 1233 1932 1299 Domine,
1962 1252 2065 1290 non
2085 1235 2255 1297 nobis,
2279 1216 2366 1286 sed

2542 1231 2640 1299 Μὴ
2680 1231 2843 1299 ἡμῖν,
2887 1231 3084 1297 Κύριε,
3114 1229 3198 1298 μὴ
3242 1229 3403 1298 ἡμῖν,
3434 1231 3569 1283 ἀλλ’
3598 1230 3636 1298 ἣ
3663 1230 3743 1294 τῷ
3788 1228 4029 1297 ὀνόματι

794 1306 1014 1377 λιιοιιιὶηί
1065 1335 1153 1378 tuo
1196 1323 1528 1393 da~gloriam
1559 1342 1579 1379 :
1608 1341 1761 1391 super
1800 1326 2163 1381 misericordia
2206 1335 2297 1377 tua
2320 1335 2368 1378 et

2473 1336 2589 1373 σου
2611 1320 2715 1385 δὸς
2733 1320 2935 1383 δόξαν·
2970 1320 3065 1372 ἐπὶ
3105 1319 3362 1384 τῷὲλέει
3386 1336 3499 1374 σου
3531 1321 3629 1373 καὶ
3668 1319 3739 1388 τῇ
3782 1320 4032 1395 ἀληθείᾳ

815 1414 1031 1467 ueritate
1083 1423 1195 1476 tua,
1244 1414 1513 1483 nequando
1547 1415 1728 1469 dicant
1757 1426 1933 1486 gentes
1959 1434 1976 1471 :
2003 1415 2101 1470 Ubi
2126 1424 2202 1470 est
2233 1408 2371 1467 Deus

2477 1424 2615 1472 σου,
2654 1408 2739 1477 μή
2771 1424 2913 1461 ποτε
2944 1408 3156 1461 εἵπωσι
3201 1407 3271 1460 τὰ
3287 1408 3453 1475 ἔθνη,
3477 1408 3599 1462 Ποῦ
3632 1408 3799 1461 ἐστιν
3821 1411 3854 1461 ό
3889 1407 4031 1472 Θεὸς

815 1502 1003 1559 eorum
1018 1508 1043 1559 Ρ
1062 1504 1200 1558 Deus
1223 1514 1397 1559 autem
1420 1515 1595 1559 noster
1620 1506 1673 1559 in
1706 1506 1831 1560 ctelo
1851 1516 1900 1560 et
1926 1507 1981 1560 in
2004 1516 2163 1569 terra,
2198 1503 2376 1559 omnia

2469 1501 2696 1563 αῠτῶν;
2735 1500 2796 1552 '0
2828 1498 2894 1551 δὲ
2919 1498 3059 1563 Θεὸς
3085 1499 3251 1567 ἡμῶν
3270 1498 3337 1551 ἐν
3358 1498 3438 1563 τῷ
3466 1498 3695 1566 οὐρανῷ
3723 1498 3820 1552 καὶ
3863 1499 3933 1551 ἐν
3955 1496 4031 1565 τῇ

816 1610 1132 1663 quaecunque
1162 1594 1323 1648 voluit
1352 1594 1494 1665 fecit.
1518 1594 1820 1652 Simulacra
1853 1597 2080 1667 gentium
2107 1605 2374 1664 argentum

2469 1590 2572 1661 τῇ,
2624 1592 2819 1645 πάντα
2864 1591 2980 1645 ὅσα
3019 1590 3318 1658 ἠθέλησεν
3373 1592 3636 1659 ἐποίησε.
3692 1592 3768 1645 Τὰ
3814 1591 4032 1643 εῑδωλα

816 1694 868 1739 et
902 1701 1110 1749 aurum,
1146 1700 1300 1754 opera
1329 1702 1577 1739 manuum
1612 1685 1896 1741 hominum.
1933 1685 2033 1740 Hic
2064 1686 2197 1739 mihi
2224 1684 2377 1739 vide-

2469 1682 2588 1735 τῶν
2604 1682 2790 1741 ἐθνῶν
2808 1684 3089 1751 ἀργύριον
3104 1684 3199 1735 καὶ
3226 1684 3499 1749 χρυσίον,
3520 1683 3659 1752 ἔργα
3679 1683 3802 1736 τῶν
3822 1676 4034 1751 χειρῶν

818 1781 910 1827 tur
945 1772 1179 1844 Spiritus
1224 1782 1447 1830 sanctus
1494 1775 1677 1846 populi
1711 1791 1779 1831 ex
1827 1774 2244 1831 circumcisione
2285 1774 2377 1827 ab-

2416 1813 2445 1865 Β
2475 1765 2812 1838 ἀνθρώπων.
2862 1772 3123 1825 Ἑνταῦθὰ
3154 1790 3242 1843 μοι
3272 1772 3419 1825 δοκεῖ
3449 1772 3508 1824 τὸ
3530 1772 3755 1842 Πνεῦμα
3787 1773 3846 1824 τὸ
3880 1773 4036 1840 ἆγιον

815 1865 1107 1933 jectionem
1136 1866 1502 1932 subindicare,
1536 1875 1698 1938 atque
1730 1867 2003 1922 orationes
2036 1866 2171 1935 ipsis
2204 1864 2376 1919 trade—

819 1971 882 2010 re
911 1955 978 2009 ad
1012 1957 1400 2027 confitendum,
1438 1958 1660 2028 haecque
1688 1961 1851 2012 verba
1881 1974 1943 2012 ex
1980 1958 2217 2028 ipsorum
2254 1970 2375 2027 per—

823 2061 958 2100 sona
990 2046 1268 2116 proferre;
1295 2049 1449 2117 queis
1492 2048 1731 2103 declarat
1778 2050 1926 2120 ipsos
1968 2049 2220 2103 virtutem
2272 2046 2377 2102 sibi

823 2137 1244 2207 prospicientem
1292 2153 1401 2193 non
1435 2138 1662 2195 ulterius
1709 2139 1909 2195 habere
1939 2139 2172 2209 :bisque
2221 2138 2375 2192 insti-

826 2233 1052 2282 tuuntur
1103 2228 1171 2282 ad
1217 2228 1615 2285 obsecrantium
1648 2238 1702 2284 et
1732 2228 2018 2284 dicendum
2061 2248 2074 2282 :
2108 2228 2219 2283 Nos
2251 2229 2375 2299 qui-

827 2317 951 2372 dem
999 2318 1206 2389 indigni
1260 2328 1453 2376 sum‘us
1490 2320 1683 2389 gratia,
1710 2335 1815 2390 qua
1865 2321 2141 2375 donantur
2190 2335 2378 2375 omnes

827 2418 1015 2481 gentes
1053 2430 1064 2462 :
1102 2419 1158 2463 at
1185 2424 1254 2464 ne
1283 2410 1440 2465 nobis
1475 2410 1590 2464 haec
1616 2409 1806 2474 iacias,
1837 2409 2096 2489 Domine;
2128 2411 2221 2466 sed
2251 2427 2378 2482 pro-

828 2512 951 2573 pter
979 2515 1175 2555 nomen
1208 2508 1361 2554 tuum
1395 2501 1539 2569 quod
1562 2500 1630 2554 ab
1659 2500 1815 2554 initio
1843 2501 2150 2556 invocatum
2184 2511 2267 2557 est
2290 2520 2381 2559 su-

826 2607 926 2661 per
953 2606 1088 2655 nos,
1120 2604 1294 2660 neque
1316 2604 1378 2645 es
1406 2590 1635 2659 justitiis
1664 2590 1891 2657 nostris,
1923 2590 2017 2645 sed
2066 2605 2131 2645 ex
2173 2594 2384 2647 miseri-

817 2680 1017 2735 ~eordia
1040 2688 1092 2734 et
1119 2678 1343 2734 veritate
1368 2687 1457 2731 tua
1489 2678 1541 2732 id
1575 2678 1863 2733 concedas.
1908 2677 2038 2731 Nam
2078 2678 2123 2733 si
2153 2694 2261 2731 non
2290 2680 2386 2732 mi-

831 2771 1088 2834 serearis,
1117 2772 1305 2842 gebtes
1334 2769 1516 2823 dicent
1556 2788 1569 2824 :
1615 2768 1715 2822 Ubi
1747 2780 1822 2822 est
1880 2768 2022 2822 Deus
2049 2786 2227 2823 eorum
2252 2772 2277 2824 Ρ
2309 2767 2385 2823 Ne

828 2879 963 2919 σει-ο
982 2878 1219 2934 unquam
1242 2862 1347 2917 hoc
1370 2862 1573 2917 dictum
1603 2861 1900 2931 proferant,
1927 2860 2165 2915 concede
2197 2875 2258 2913 ac
2285 2862 2385 2912 tri-

828 2955 946 3009 ibue
973 2954 1131 3009 nobis
1160 2953 1589 3008 misericordiam
1627 2962 1796 3007 tuam.
1834 2951 2058 3006 Etiamsi
2095 2956 2239 3006 enim
2287 2965 2387 3004 nos

838 3044 1103 3115 inspectio
1134 3052 1222 3097 tua
1245 3057 1355 3097 non
1386 3042 1618 3111 amplius
1647 3042 1930 3111 gubernet,
1955 3042 2048 3096 sed
2070 3057 2388 3112 persuasum

837 3128 1099 3183 habemus
1118 3135 1179 3183 te
1208 3143 1329 3184 esse
1359 3129 1413 3181 in
1448 3128 1609 3195 coelo,
1634 3137 1687 3183 et
1714 3143 1777 3184 ea
1804 3123 1981 3185 facere
2013 3146 2132 3200 qua
2168 3130 2315 3185 velis.

907 3300 1072 3356 Vsus.
1098 3301 1252 3355 5-18.
1284 3299 1405 3354 Non
1438 3300 1609 3368 nobis,
1659 3301 1903 3364 Domine,
1948 3318 2051 3355 non
2096 3303 2266 3367 nobis,
2299 3304 2387 3357 sed

840 3394 1038 3447 nomini
1070 3402 1155 3445 tuo
1188 3392 1258 3446 da
1290 3392 1514 3462 gloriam
1542 3408 1562 3445 :
1597 3408 1750 3460 super
1794 3392 2152 3446 misericordia
2202 3404 2291 3446 tua
2338 3404 2387 3447 et

840 3485 1055 3555 ueritate
1093 3492 1202 3546 tua,
1243 3482 1517 3551 nequando
1571 3482 1751 3537 dicant
1777 3493 1947 3554 gentes
1975 3496 1992 3535 :
2026 3480 2124 3535 Ubi
2149 3492 2224 3536 est
2252 3482 2389 3536 Deus

838 3577 1061 3630 eorum?
1092 3573 1231 3628 Deus
1268 3583 1442 3627 autem
1473 3581 1648 3628 noster
1676 3575 1732 3628 in
1765 3574 1888 3628 ctelo
1922 3582 1971 3626 et
2002 3574 2056 3627 in
2088 3582 2246 3635 terra,
2278 3589 2390 3627 om-

840 3668 932 3721 nia
950 3682 1263 3737 qutecunque
1294 3666 1453 3720 voluit
1500 3664 1644 3733 fecit.
1693 3664 1990 3719 Simulacra
2031 3665 2260 3732 gentium
2299 3678 2387 3715 ar-

838 3766 1047 3826 gentum
1073 3767 1121 3809 et
1149 3772 1355 3815 aurum,
1399 3771 1556 3825 opera
1591 3771 1839 3808 manuum
1884 3755 2185 3816 hominum;
2210 3770 2265 3806 os
2299 3753 2394 3804 ha-

844 3850 981 3913 bent,
1013 3859 1063 3902 et
1106 3865 1209 3901 non
1252 3848 1557 3915 loquentur;
1590 3846 1766 3901 oculos
1798 3845 2007 3908 habent,
2044 3854 2093 3898 et
2127 3861 2229 3897 non
2256 3845 2395 3896 vide-

841 3938 1002 3999 bunt;
1032 3935 1184 3991 aures
1213 3937 1424 4001 habent,
1456 3948 1508 3992 et
1528 3936 1631 3992 non
1659 3937 1900 4001 audient;
1931 3952 2083 3990 nares
2110 3935 2318 4001 habent,
2343 3946 2391 3990 et
2418 3980 2421 3983 .

757 4068 762 4075 .
838 4040 945 4077 non
986 4023 1315 4085 odorabunt';
1363 4041 1548 4078 manus
1577 4024 1789 4091 habent,
1846 4034 1895 4078 et
1941 4042 2041 4078 non
2074 4026 2391 4094 palpabunt;

834 4118 999 4177 pedes
1017 4111 1227 4171 habent.
1251 4110 1425 4165 et-rion
1455 4112 1828 4173 ambulabunt;
1853 4128 1953 4164 non
1976 4112 2396 4179 vociferabantur

842 4207 896 4256 in
923 4211 1133 4273 gutture
1156 4218 1273 4260 suo.
1303 4202 1514 4255 Similes
1550 4202 1657 4255 illis
1688 4203 1818 4270 [iant
1865 4204 1953 4271 qui
1987 4202 2189 4270 faciunt
2228 4218 2309 4267 ea,
2346 4210 2395 4255 et

841 4309 1019 4349 omnes
1049 4293 1137 4362 qui
1165 4292 1431 4365 conﬁdunt
1464 4297 1517 4344 in
1543 4294 1638 4346 eis.
1662 4292 1860 4345 Domus
1893 4292 2066 4346 Israel
2096 4295 2319 4362 speravit
2342 4295 2399 4346 in

841 4386 1089 4448 Domino,
1124 4382 1337 4452 adjutor
1365 4397 1543 4436 eorum
1583 4392 1631 4435 et
1664 4390 1923 4449 protector
1952 4399 2129 4435 eorum
2160 4393 2256 4438 est.
2288 4383 2396 4438 Do-

2474 1864 2797 1916 αἱνίττεσθαι
2840 1864 2933 1917 τοῦ
2987 1867 3050 1917 ἐκ
3098 1864 3395 1934 περιτομῆς
3445 1863 3571 1916 λαοῦ
3606 1863 3702 1934 τὴν
3745 1864 4035 1936 ἀποῦολὴν,

2475 1955 2636 2025 εὐχήν
2674 1972 2734 2007 τε
2781 1955 2961 2017 αὐτοῖς
3007 1955 3350 2024 παραδιδόναι
3393 1956 3471 2017 εἰς
3517 1954 3921 2025 ἐξομολόγησιν,
3974 1958 4039 2011 ὲκ

2476 2044 2763 2115 προσώπου
2789 2045 3055 2099 τεάὺτῶν
3080 2044 3148 2099 τὰ
3163 2046 3405 2115 παρόντα
3440 2045 3766 2113 φάσκειν,δι’
3790 2039 3864 2098 ὧν
3894 2064 4036 2117 παρ-

2479 2135 2715 2190 ίστανται
2736 2130 2926 2207 μηκέτι
2943 2136 3153 2206 ἔχοντες
3172 2137 3266 2206 τὴν
3287 2136 3684 2190 ἐπισκοποῦσαν
3699 2138 3877 2199 αὐτοῖς
3894 2136 4041 2190 θείαν

2475 2227 2701 2297 δύναμιν
2720 2242 2733 2256 ο
2769 2227 2836 2278 δι’
2861 2220 2934 2279 ὧν
2971 2226 3312 2279 διδάσκονται
3345 2225 3558 2279 δέεσθαι
3590 2226 3683 2280 καὶ
3708 2228 4041 2298 παρακαλεῖν

2477 2316 2564 2369 διὰ
2584 2315 2677 2368 τοῦ
2707 2314 2885 2382 λέγειν
2904 2332 2917 2345 ⁸
2959 2316 3149 2384 Ἡμεῖς
3183 2318 3280 2385 μὲν
3310 2315 3512 2379 ἀνάξιοι
3559 2318 3655 2386 τῆς
3706 2318 3944 2389 χάριτος,
3975 2312 4037 2386 ἧς

2479 2390 2839 2476 κατηξίωνίται
2867 2406 3044 2460 πάντα
3077 2406 3146 2457 τὰ
3172 2406 3295 2477 ἔθνη
3318 2424 3331 2438 ·
3367 2408 3501 2461 ἀλλὰ
3528 2407 3600 2477 μὴ
3624 2410 3757 2478 ἡμῖν
3787 2410 4020 2479 ποιήσῃς

2479 2498 2723 2551 Δέσποτα
2740 2515 2751 2526 ·
2789 2497 2925 2550 ἀλλὰ
2952 2497 3113 2562 διὰτὸ
3141 2496 3309 2568 ὄνομά
3342 2516 3431 2550 σου
3456 2498 3590 2563 τδαὲξ
3615 2500 3786 2568 ἀρχῆς
3814 2500 4009 2570 ὲπικλη
4028 2528 4042 2538 -

2482 2589 2570 2641 θὲν
2600 2589 2681 2656 ἐφ’
2715 2590 2881 2657 ἡμᾶς,
2910 2589 3003 2641 καὶ
3030 2569 3105 2659 μὴ
3132 2591 3251 2651 ταῖς
3291 2589 3447 2659 ἡμῶν
3474 2588 3859 2656 δικαιοσύναις,
3910 2589 4045 2644 ἀλλὰ

2482 2678 2557 2748 τῷ
2598 2679 2673 2748 σῷ
2707 2679 2844 2731 ἐλέει
2875 2680 3094 2749 χάρισαι
3130 2681 3222 2732 καὶ
3247 2682 3311 2750 τῇ
3336 2682 3398 2749 σῇ
3432 2680 3678 2751 ἀληθείᾳ.
3715 2681 3777 2733 Ei
3818 2679 3927 2751 γὰρ
3962 2683 4067 2751 μὴη

2484 2768 2780 2836 ὲλεήσειας,
2815 2768 2996 2838 ἐροῦσι
3026 2768 3095 2827 τὰ
3134 2768 3258 2839 ἔθνη
3286 2787 3298 2799 ³
3346 2769 3469 2822 Ποῦ
3503 2771 3672 2823 ἐστιν
3704 2773 3735 2823 ό
3768 2770 3911 2835 Θεὸς
3939 2772 4046 2823 αὐ-

2488 2859 2637 2921 τῶν;
2678 2860 2814 2911 Ἀλλ’
2849 2860 3034 2931 ἵναμή
3072 2877 3199 2913 ποτε
3244 2860 3431 2913 τοῦτον
3485 2863 3675 2914 εἴπωσι
3725 2862 3814 2914 τὸν
3868 2861 4044 2929 λόγον,

2487 2948 2705 3018 χάρισαι
2750 2950 2880 3017 ἡμῖν
2920 2949 3013 2999 καὶ
3056 2947 3296 3018 δώρησαι
3340 2949 3487 3012 ἔλεός
3525 2966 3639 3002 σου.
3671 2949 3787 3003 Κᾶν
3824 2950 3932 3021 γὰρ
3974 2951 4046 3019 μὴ

2490 3039 2634 3107 ἡμᾶς
2668 3037 2867 3107 μηκέτι
2895 3040 2928 3107 ἡ
2979 3038 3044 3108 σὴ
3088 3039 3358 3109 ὲπισκοπὴ
3395 3040 3749 3111 διακυϐερνᾷ,
3788 3041 3921 3094 ἀλλὰ
3952 3057 4049 3092 πε-

2416 3139 2455 3194 C
2490 3128 2761 3197 πείσμεθὰ
2792 3145 2847 3179 σε
2883 3125 3019 3181 εἶναι
3056 3128 3113 3179 ὲν
3156 3129 3233 3198 τῷ
3263 3130 3493 3199 οὐρανῷ,
3518 3131 3610 3182 καὶ
3659 3131 3823 3184 ταῦτα
3876 3133 4048 3210 ⁸ξεοιεῖν

2495 3220 2633 3291 ειπερ
2667 3219 2987 3289 ἠϐουλήθης.

2565 3311 2660 3377 Μὴ
2695 3310 2857 3379 ἡμῖν,
2905 3312 3096 3377 Κύριε,
3123 3309 3208 3379 μὴ
3266 3309 3426 3379 ἡμῖν,
3461 3310 3597 3364 ἀλλ’
3628 3310 3666 3378 ἢ
3694 3311 3774 3375 τῷ
3804 3312 4047 3379 ὀνόματί

2494 3415 2608 3453 σου
2632 3398 2737 3464 δὸς
2765 3398 2950 3462 δόξαν
2969 3416 2981 3427 ·
3011 3398 3108 3450 ἐπὶ
3130 3398 3211 3463 τῷ
3233 3397 3385 3452 ἐλέει
3429 3416 3543 3452 σου
3578 3400 3677 3451 καὶ
3708 3397 3781 3465 τῇ
3805 3400 4051 3467 ἀληθείᾳ

2496 3506 2631 3549 σου,
2657 3487 2739 3556 μή
2770 3502 2910 3541 ποτε
2937 3488 3147 3540 εἴπωσι
3188 3488 3258 3540 τὰ
3289 3489 3451 3555 ἔθνη·
3493 3489 3612 3542 Ποῦ
3653 3489 3818 3541 ἐστιν
3843 3492 3877 3542 ό
3912 3493 4052 3552 Θεὸς

2495 3578 2691 3637 αὐτῶν
2713 3595 2731 3643 ;
2775 3580 2835 3633 '0
2859 3578 2925 3631 δὲ
2951 3577 3093 3643 Θεὸς
3118 3578 3283 3648 ἡμῶν
3308 3578 3376 3631 ἐν
3396 3578 3473 3643 τῷ
3504 3579 3736 3648 vitam;
3758 3579 3852 3631 καὶ
3880 3579 3949 3631 ἐν
3979 3577 4054 3646 τῇ

2497 3669 2597 3740 τῇ,
2640 3672 2832 3726 πάντα
2882 3670 3343 3745 ὅσαῂιὴθέλησεν
3378 3665 3682 3739 ἐποίησεν.
3736 3672 3809 3724 Τὰ
3839 3670 4056 3724 εἴδωλα

2497 3761 2615 3815 τῶν
2646 3762 2836 3817 ἐθνῶν
2877 3764 3155 3832 ἀργύριον
3200 3762 3298 3818 καὶ
3336 3764 3611 3831 χρυσίον,
3656 3765 3796 3832 ἔργα
3846 3762 4057 3833 χειρῶν

2499 3839 2838 3920 ἀνθρώπων·
2878 3856 3071 3919 στόμα
3128 3852 3337 3919 ἔχουσι
3379 3854 3477 3910 καὶ
3530 3856 3602 3906 οὐ
3649 3853 4054 3919 λαλήσουσιν,

2500 3940 2839 4009 ὀφθαλμοὺς
2864 3940 3072 4008 ἔχουσι
3101 3942 3199 3993 καὶ
3225 3942 3335 3992 οὐκ
3364 3941 3641 4007 ὄψονται·
3678 3942 3795 3996 ὦτα
3823 3942 4055 4011 ἔχουσι,

2500 4029 2599 4083 καὶ
2658 4030 2769 4082 οὐκ
2835 4024 3225 4095 ἀκούσονται,
3280 4028 3455 4096 ῥῖνας
3516 4030 3726 4096 ἔχουσι
3787 4032 3885 4083 καὶ
3948 4033 4058 4083 οὐκ

2474 4119 3021 4190 νόσφρανθήσονται
3041 4135 3053 4148 ⁸
3088 4120 3286 4188 χεῖρας
3311 4119 3516 4185 ἔχουσι
3551 4118 3648 4170 καὶ
3684 4120 3753 4171 οὐ
3787 4120 4063 4187 iga-77,15,973-

2502 4227 2705 4277 O'OUO‘t,
2730 4209 2917 4276 πόδας
2949 4209 3160 4278 ἔχουσι
3196 4210 3295 4263 καὶ
3326 4210 3395 4262 οὐ
3432 4208 3961 4275 περιπατήσουσιν,
3988 4211 4061 4262 οὺ

2501 4301 2890 4370 φωνήσουσιν
2932 4300 3001 4353 ἐν
3031 4299 3110 4365 τῷ
3140 4300 3389 4369 λάρυγγι
3441 4298 3661 4353 αὐτῶν.
3702 4302 3914 4367 Ὅμοιοι
3958 4302 4064 4353 αὐ-

2502 4392 2626 4457 τοῖς
2650 4390 2915 4460 γένοιντο
2956 4393 3010 4443 οἱ
3054 4390 3363 4456 ποιοῦντες
3389 4390 3558 4454 αὐτὰ,
3593 4390 3690 4444 καὶ
3738 4390 3959 4455 πάντες
4006 4392 4063 4443 οι

843 4474 1177 4532 ιιιιιετέιιατοη
1217 4478 1441 4545 speravit
1493 4477 1547 4527 in
1598 4473 1841 4537 Domino,
1882 4475 2095 4542 adjutor
2134 4491 2311 4529 eorum
2350 4487 2391 4530 et

2431 4486 2473 4539 D
2501 4482 2843 4545 πεποιθότες
2892 4480 2983 4533 ἐπ’
3036 4481 3259 4545 αὐτοῖς.
3313 4477 3486 4546 Οἶκος
3520 4480 3754 4548 Ἰσραὴλ
3802 4481 4065 4548 ἤλπισεν

842 4560 1111 4637 protector
1130 4584 1308 4621 eorum
1351 4577 1447 4619 est.
1490 4566 1593 4632 Qui
1636 4568 1816 4619 timent
1847 4565 2127 4618 Dominum
2165 4581 2397 4633 sperave-

845 4669 967 4712 runt
1006 4661 1059 4712 in
1095 4658 1342 4726 Domino,
1379 4657 1593 4726 adjutor
1623 4674 1799 4709 eorum
1847 4665 1895 4710 et
1937 4664 2195 4724 protector
2222 4673 2400 4711 eorum

844 4759 944 4803 est.
991 4749 1247 4803 Dominus
1295 4765 1492 4802 memor
1528 4749 1696 4801 nostri
1742 4746 2000 4801 benedixit
2037 4747 2205 4802 nobis.
2244 4749 2403 4804 Bene-

804 4830 821 4848 '
846 4839 983 4891 dixit
1014 4840 1193 4915 domui
1233 4838 1430 4904 Israel,
1460 4838 1719 4893 benedixit
1771 4837 1951 4893 domui
1994 4839 2175 4893 Aaron
2207 4857 2223 4893 :
2250 4841 2400 4895 benc-

847 4931 984 4983 dizit
1022 4932 1086 4983 iis
1139 4932 1228 5000 qui
1283 4931 1466 4984 timent
1511 4929 1821 4993 Dominum,
1871 4931 2077 4999 pusillis
2132 4949 2249 5008 cum
2291 4950 2403 4986 ma-

850 5021 1069 5082 ioribus.
1131 5021 1363 5089 Adjiciat
1405 5020 1658 5073 Dominus
1694 5036 1846 5089 super
1886 5039 1993 5087 vos,
2034 5037 2187 5090 super
2229 5040 2313 5078 vos
2354 5035 2405 5078 et

849 5096 1005 5181 super
1058 5112 1218 5179 ﬁlios‘
1261 5121 1476 5164 vestros.
1517 5110 1783 5175 Benedicti
1836 5128 1922 5166 vos
1956 5129 1988 5165 a
2026 5112 2270 5177 Domino,
2318 5115 2406 5183 qui

850 5204 972 5271 fecit
1010 5205 1194 5256 caelum
1223 5212 1271 5255 et
1309 5212 1520 5255 terram.
1562 5201 1758 5257 Cwlum
1790 5204 1905 5257 caeli
1934 5203 2177 5269 Domino,
2213 5214 2406 5261 terram

852 5308 1025 5350 autem
1063 5296 1202 5348 dedit
1238 5296 1362 5364 [iliis
1399 5296 1684 5349 hominum.
1734 5294 1852 5349 Non
1891 5298 2085 5350 mortui
2118 5297 2406 5350 laudabunt

857 5401 924 5451 te,
955 5388 1190 5449 Domine,
1219 5404 1376 5456 neque
1400 5404 1573 5441 omnes
1597 5389 1685 5456 qui
1708 5388 2021 5442 descendunt
2043 5389 2096 5441 in
2121 5389 2403 5456 infernum.

855 5483 960 5537 Sed
1000 5498 1092 5534 nos
1124 5482 1211 5550 qui
1249 5482 1462 5534 vivimus
1512 5480 1865 5533 benedicemus
1913 5479 2161 5541 Domino,
2204 5494 2267 5531 ea:
2316 5480 2409 5533 hoc

856 5591 994 5629 nunc
1026 5582 1073 5627 et
1104 5589 1264 5642 usque
1294 5574 1348 5625 in
1376 5573 1645 5627 siccatum.
1695 5569 1762 5624 Hi
1806 5571 2053 5624 versiculi
2095 5572 2148 5625 in
2180 5571 2405 5639 quibus-

857 5668 979 5719 dam
1020 5664 1417 5735 exemplaribus
1446 5679 1477 5717 τι
1490 5665 1705 5734 psalmo
1735 5677 1868 5715 cxm
1899 5661 2137 5715 distincti
2165 5676 2226 5714 ac
2255 5676 2400 5730 sepa-

852 5761 960 5812 rati
989 5771 1146 5824 sunt;
1176 5759 1246 5812 ita
1278 5758 1464 5811 uthmc
1488 5772 1612 5812 cxrv
1645 5757 1905 5819 psalmum
1931 5754 2281 5807 constituant.
2320 5753 2406 5817 At,

2505 4569 2603 4621 ἐπὶ
2650 4570 2887 4635 Κύριον,
2935 4569 3164 4635 ,ϐοηθὸς
3224 4569 3319 4622 καὶ
3372 4569 3827 4636 ὑπερασπιστὴς
3868 4569 4067 4621 αὐτῶν

2513 4659 2704 4711 ἐστιν.
2739 4656 2909 4725 Οἶκος
2931 4661 3143 4726 Ἀαρὼν
3167 4660 3426 4728 ἤλπισεν
3455 4662 3552 4713 ἐπὶ
3579 4662 3814 4726 Κύριον,
3837 4660 4067 4727 ,βοηθὸς

2507 4750 2605 4803 καὶ
2637 4750 3091 4819 ὑπερασπιστὴς
3140 4750 3336 4805 αὐτῶν
3379 4752 3565 4805 ἐστιν.
3620 4756 3681 4805 Οἱ
3714 4754 4069 4821 φοϐούμενοι

2510 4847 2613 4916 τὸν
2631 4847 2847 4915 Κύριον
2859 4845 3125 4914 ἤλπισαν
3137 4844 3235 4897 ἐπὶ
3266 4846 3499 4911 Κύριον,
3523 4845 3743 4911 ,ϐοηθὸς
3772 4844 3869 4898 καὶ
3890 4848 4069 4913 ὑπερ-

2482 4936 2813 5005 ,ασπιστὴς
2851 4935 3046 4990 αὐτῶν
3090 4935 3279 4989 ἐστιν.
3319 4937 3531 5003 Κύριος
3581 4937 3869 5005 μνησθεὶς
3900 4935 4071 5005 ἡμῶν

2509 5030 2843 5096 εὐλόγησεν
2882 5025 3058 5096 ⁸ἡμᾶς.
3106 5026 3419 5096 Εὺλότησε
3462 5027 3567 5080 τόν
3598 5027 3781 5081 ςοῐκον
3808 5025 4068 5094 Ἰσραὴλ,

2510 5122 2803 5190 εὐλόγησε
2828 5121 2932 5174 τὸν
2964 5118 3134 5175 οἷκον
3162 5120 3401 5190 Ἀαρών·
3444 5124 3739 5192 εὐλόγησε
3778 5120 3915 5186 τοὺς
3958 5139 4071 5189 φο-

2513 5199 2835 5282 ϐουμένους
2866 5200 3257 5282 τὸν’Κύριον,
3308 5214 3448 5279 τοὺς
3482 5213 3729 5282 μικροὺς
3770 5213 3916 5282 μετὰ
3950 5211 4076 5265 τῶν

2504 5302 2799 5371 μεγάλων.
2844 5304 3131 5371 προσθείη
3187 5306 3396 5371 Κύριος
3436 5305 3527 5372 ἐφ’
3565 5302 3737 5371 ὑμᾶς,
3788 5304 3879 5371 ἐφ’
3913 5304 4075 5372 ὑμᾶς

2514 5392 2611 5445 καὶ
2655 5392 2752 5445 ἐπὶ
2787 5392 2924 5458 τοὺς
2953 5394 3119 5460 υἱοὺς
3138 5394 3323 5463 ὑμῶν.
3354 5393 3755 5463 Εὐλογημένοι
3786 5394 3949 5464 ὑμεῖς
3988 5395 4078 5459 τῷ

2513 5482 2723 5549 Κυρίῳ,
2757 5481 2837 5548 τῷ
2865 5484 3183 5551 ποιήσαντι
3215 5486 3322 5539 τὸν
3353 5485 3611 5554 οὐρανὸν
3646 5484 3742 5539 καὶ
3778 5486 3890 5555 τὴν
3926 5486 4068 5558 γῆν.

2525 5574 2587 5625 ’0
2616 5574 2867 5641 οὐρανὸς
2900 5579 3006 5631 τοῦ
3046 5576 3303 5644 οὐρανοῦ
3347 5574 3427 5641 τῷ
3458 5579 3672 5645 Κυρίῳ.
3705 5577 3819 5647 τὴν
3844 5579 3910 5632 δὲ
3951 5576 4076 5647 Τῆν

2514 5663 2695 5718 ἔδωκε
2741 5664 2863 5732 τοῖς
2898 5667 3048 5734 υἱοῖς
3080 5666 3196 5722 τῶν
3228 5667 3569 5737 ἀνθρώπων.
3605 5672 3727 5740 οὐχ
3773 5675 3825 5725 οὶ
3871 5668 4077 5737 νεκροὶ

2516 5756 2831 5812 αὶνέσουσι
2884 5776 2975 5825 σε,
3025 5761 3218 5829 Κύριε,
3255 5760 3396 5816 οὐδὲ
3436 5759 3653 5833 πάντες
3706 5766 3758 5816 οἱ
3797 5746 4080 5814 καταϐαί-

925 5852 1004 5919 (Ι)
1039 5849 1180 5907 Psal.
1226 5866 1369 5914 cxw,
1415 5850 1568 5921 juxta
1612 5847 1884 5906 Hebraeos.
1921 5844 2034 5901 Vid.
2079 5841 2219 5897 inira
2268 5847 2409 5915 apud
2451 5845 2648 5904 Euseb.
2679 5848 2835 5903 Enn.
