4318 6402
299 514 431 568 ΙΞ57

1369 508 1860 590 consumma
1895 508 1961 562 IN
2001 506 2327 593 pSALuos.

3349 503 3482 557 1358

297 617 613 700 νοντεςέὶς
659 635 825 700 ᾆδον.
859 635 1009 689 ‘m’
1042 634 1211 703 ἡμεῖς
1253 636 1307 687 οι
1342 631 1549 698 ζῶντες
1595 631 1847 701 εὐλοτή-
1874 649 1917 702 Α
1946 644 2002 684 cu

1779 631 1847 698 ή-
1874 649 1917 702 Α
1946 644 2067 684 cum
2095 630 2339 698 inspecto
2364 628 2709 684 Hebraeorum
2747 628 2903 691 libro,
2938 642 3123 683 eorum
3151 626 3409 685 dictiones
3431 634 3484 680 et

296 735 485 789 σομεν
507 720 614 774 τὸν
637 724 855 789 Κύριον
882 720 998 775 ἀπὸ
1035 720 1141 777 τοῦ
1175 722 1291 776 νῦν
1311 721 1407 775 καὶ
1437 721 1549 786 ἓως
1570 721 1675 774 τοῦ
1712 717 1845 774 ait?)-

297 823 420 873 νος.
456 808 767 863 Διέσταλται
800 811 892 863 καὶ
939 809 1081 872 ἰδίως
1119 808 1418 879 ἀφώρισται
1446 808 1539 861 τοῦ
1584 815 1682 879 ριγ¹
1714 807 1846 877 ψαλ-

301 896 401 967 μοῦ
432 897 490 951 ἓν
520 912 627 953 τισι
667 900 773 953 τῶν
825 901 1168 973 ἀντιγράφων
1210 901 1278 953 τά
1326 901 1674 971 προκείμενα,
1708 899 1845 951 ὥστε

298 983 433 1043 εἶναι
463 989 558 1058 ριδ⁹
580 990 786 1059 ψαλμὸν
806 991 895 1043 τὸν
926 991 1061 1060 μετά
1090 994 1293 1062 χεῖρας.
1341 990 1550 1060 Ἐπειδὴ
1579 990 1654 1051 δὲ,
1683 988 1845 1055 ἐγκύ-

296 1078 403 1147 ψας
432 1082 565 1150 αὐτῇ
599 1083 663 1150 τῇ
705 1081 967 1151 Ἐϐραίων
1007 1082 1189 1151 βίϐλῳ,
1218 1083 1351 1145 τοὺς
1372 1081 1546 1134 αὐτῶν
1577 1081 1848 1151 χαρακτῆ-

298 1188 397 1242 ρας
436 1172 805 1241 συνημμένους
848 1166 1005 1243 εὗρον
1049 1174 1141 1226 καὶ
1184 1172 1281 1235 τὰς
1336 1171 1526 1235 λέξεις,
1577 1172 1847 1238 ἐπέστησα

297 1260 473 1323 καλῶς
500 1261 857 1331 ἀκολουθῆσαι
903 1265 967 1331 τῇ
1007 1261 1266 1332 Ἐϐραίων
1300 1260 1483 1331 βίϐλῳ,
1513 1258 1741 1326 συνάψαι
1786 1274 1846 1309 τε

294 1355 405 1414 τοῖς
434 1352 711 1421 προτέροις
737 1352 804 1404 τά
829 1353 1181 1423 προκείμενα,
1215 1350 1355 1404 ὥστε
1384 1347 1519 1403 εἷναι
1567 1350 1727 1421 μέρος
1752 1347 1848 1401 αύ-

294 1442 361 1494 τά
390 1442 484 1495 τοῦ
526 1449 625 1513 ριγ⁴
655 1440 846 1512 ὕμνου.
877 1446 1033 1496 Δοκεῖ
1074 1438 1165 1496 οὖν
1209 1442 1278 1495 τά
1327 1441 1658 1512 προκείμενα
1686 1440 1848 1509 ἀνηρ-

292 1534 486 1603 τῆσθαι
504 1534 609 1587 τῶν
638 1535 915 1605 προτέρων
935 1553 947 1565 ·
978 1535 1312 1589 παιδεύονται
1346 1534 1450 1605 γάρ
1482 1534 1531 1585 οἱ
1558 1533 1741 1595 παῖδες
1767 1525 1847 1592 οἷς

293 1624 539 1692 ὲλέγετο·
575 1626 820 1690 Αἰνεῖτε,
854 1624 1083 1690 παῖδες,
1116 1618 1354 1693 Κύριον,
1380 1624 1653 1677 τουτέστιν
1680 1626 1709 1677 ὁ
1732 1623 1850 1686 νέος

293 1715 437 1779 λαὸς,
479 1718 627 1769 ποῖον
656 1716 858 1786 Κύριον
886 1718 1144 1786 προσήκει
1173 1717 1339 1767 αἰνεῖν
1361 1731 1377 1746 ·
1423 1715 1577 1785 δῆλον
1608 1714 1671 1767 δὲ
1692 1714 1849 1766 αὑτὸν

293 1808 497 1860 ἐκεῖνον
517 1808 607 1860 τὸν
640 1809 695 1860 ὲν
723 1812 787 1879 τῇ
816 1808 977 1878 ἐξόδῳ
1010 1807 1223 1877 Ἰσραὴλ
1271 1810 1337 1876 τῇ
1379 1804 1437 1870 ἐξ
1468 1805 1740 1874 Αἰγύπτου
1782 1804 1861 1870 τά,

290 1893 525 1949 τοσαῦτα
586 1896 861 1966 θαυμάσια
917 1895 1369 1966 διαπραξάμενον.
1447 1896 1701 1958 Ἐκείνοις
1758 1891 1850 1965 οὖν

1943 722 2283 796 characteres
2307 721 2625 791 conjunctos
2651 735 2771 776 esse
2792 720 3107 789 repererim,
3128 716 3484 786 Hebraeorum

1942 813 2139 867 librum
2181 812 2511 881 sequendum
2555 825 2695 877 esse,
2735 820 2892 879 atque
2921 810 3190 878 prioribus
3214 808 3328 862 llch
3354 823 3485 863 con-

1939 901 2213 972 iungenda
2243 917 2361 956 esse
2387 901 2668 964 aestimavi,
2697 900 2769 954 ita
2801 909 2860 953 ut
2884 900 2995 953 haec
3016 914 3142 968 pars
3171 900 3279 953 sint
3306 910 3485 954 cenlev

1943 995 2063 1049 simi
2089 994 2282 1047 decimi
2307 993 2450 1047 tertii
2468 991 2668 1062 hymni.
2689 990 2947 1045 Videntur
2963 990 3141 1059 itaque
3155 990 3269 1044 haec
3287 1006 3485 1059 praece-

1943 1083 2195 1136 dentibus
2228 1080 2515 1134 cohaerere.
2556 1078 2691 1132 Nam
2731 1078 2883 1147 pueri
2918 1078 3015 1141 illi,
3053 1076 3250 1146 quibus
3278 1077 3484 1131 dictum

1942 1181 2046 1238 est,
2078 1172 2333 1239 Laudale,
2366 1174 2532 1239 pueri,
2568 1170 2870 1233 Dominum,
2902 1169 2957 1223 id
2985 1176 3088 1233 est,
3120 1182 3293 1222 novus
3314 1182 3486 1238 popu-

1944 1265 2049 1328 lus,
2071 1264 2367 1319 edocentur
2382 1277 2543 1332 quem
2575 1260 2859 1315 Dominum
2888 1260 3107 1313 laudare
3132 1274 3229 1328 par
3257 1259 3348 1313 sit.
3376 1258 3483 1312 Pa-

1945 1357 2050 1409 lam
2080 1365 2256 1409 autem
2282 1361 2365 1409 est
2394 1368 2518 1408 eum
2549 1353 2726 1423 ipsum
2753 1366 2893 1415 esse,
2932 1351 3024 1420 qui
3055 1350 3110 1403 in
3141 1350 3285 1404 exitu
3318 1348 3483 1404 Israel

1945 1447 2014 1502 de
2060 1445 2293 1517 Egypto
2336 1452 2488 1499 tanta
2540 1443 2803 1499 miracula
2848 1441 3034 1499 edidit.
3081 1442 3484 1511 Consequenter

1946 1537 2110 1608 igitur
2139 1538 2205 1590 ad
2248 1519 2340 1589 illa
2383 1534 2680 1603 edocentur
2722 1533 2848 1604 ipsi,
2887 1548 2956 1588 ne
2988 1533 3235 1603 ignorent
3263 1532 3482 1602 quinam

1946 1624 2150 1680 fuerint
2178 1624 2255 1677 illi
2293 1623 2362 1678 ab
2390 1638 2449 1678 se
2478 1622 2607 1678 olim
2640 1623 2714 1678 dii
2740 1622 3053 1687 existimati,
3093 1622 3237 1692 quod
3280 1621 3487 1677 scilicet

1947 1717 2125 1771 anima
2154 1716 2409 1785 omnique
2427 1729 2591 1769 sensu
2612 1714 2904 1779 caruerint,
2926 1712 3231 1783 fuerintque
3251 1719 3482 1776 mortua,

1947 1816 2095 1862 muta
2118 1817 2171 1862 et
2197 1821 2339 1861 caeca
2370 1806 2532 1870 idola,
2563 1804 2697 1859 nihil
2724 1806 2899 1861 simile
2921 1804 3195 1869 habentia”,
3228 1820 3335 1858 non
3364 1804 3487 1859 dico

1949 1912 2144 1967 magno
2173 1904 2227 1951 et
2259 1895 2585 1951 mirabilium
2616 1894 2847 1960 editori,
2880 1896 3119 1949 omnium
3156 1894 3354 1965 Opiﬂci,
3393 1893 3487 1949 sed

290 1984 595 2051 ἀκολούθως
621 1988 670 2040 οἱ
708 1988 860 2040 αὐτοὶ
887 1987 1223 2040 διδάσκονται
1265 1988 1387 2051 τοὺς
1434 1986 1597 2040 πάλαι
1640 2003 1849 2056 νενομι-
1873 2005 1995 2086 Bm

1783 2004 1849 2040 ιι-
1873 2025 1922 2086 Β
1940 2004 2016 2044 ne
2041 1988 2126 2044 vel
2166 1987 2453 2058 postremis
2482 2001 2667 2041 eorum
2711 2001 2831 2056 quae
2868 1986 3045 2041 anima
3077 1991 3130 2040 et
3160 2000 3323 2041 sensu
3351 1998 3488 2054 prtu-

293 2074 521 2145 σμένους
554 2077 732 2129 αὐτῶν
765 2076 920 2140 θεοὺς
957 2077 1128 2130 ὁποῖοί
1169 2093 1312 2139 τινες
1338 2072 1477 2147 ἦσαν
1508 2077 1582 2148 μὴ
1615 2078 1842 2145 ἀγνοεῖν,

289 2163 371 2216 δτι
406 2164 597 2236 ἀψυχοι
648 2168 740 2219 καὶ⁵
775 2166 953 2237 πάσης
1005 2166 1304 2237 αἰσθήσεως
1352 2168 1722 2237 ἐστερημένοι,
1770 2168 1850 2221 ὃτι

247 2296 257 2307 .
289 2256 478 2327 νεκρὰ,
526 2259 619 2311 καὶ
658 2258 817 2327 κωφά
861 2261 953 2312 καὶ
993 2259 1167 2327 τυφλά
1215 2257 1429 2322 εἴδωλα,
1468 2257 1619 2311 οὐδὲν
1669 2257 1850 2326 ὅμοιον

288 2346 499 2415 ἔχοντα,
515 2348 575 2400 οὐ
606 2352 745 2418 φημὶ
760 2348 837 2419 τῷ
866 2349 1093 2419 μεγάλῳ
1112 2350 1203 2403 καὶ
1218 2346 1623 2419 παραδοξοποιῷ
1649 2350 1841 2417 ποιητῇ

1944 2080 2055 2134 dita
2092 2086 2218 2133 sunt
2251 2097 2264 2131 :
2294 2077 2387 2133 sed
2422 2076 2721 2131 inanimata
2750 2091 2974 2146 prorsus
3004 2068 3228 2130 materia
3266 2075 3481 2131 iuerint.

1943 2168 2009 2222 Et
2031 2170 2119 2222 illa
2147 2168 2386 2238 quidem,
2420 2168 2675 2223 animalia
2704 2166 2922 2237 inquam
2948 2166 3203 2233 animata,
3233 2164 3327 2220 Dei
3358 2164 3490 2222 Ver-

1944 2259 2014 2314 bo
2039 2260 2403 2315 constiterunt
2430 2277 2444 2313 :
2479 2265 2536 2312 at
2560 2257 2638 2312 illi
2669 2258 2908 2328 gentium
2940 2258 3036 2319 dii,
3059 2264 3118 2311 ut
3140 2258 3486 2327 putabantur,

1944 2348 2303 2403 humanorum
2338 2363 2561 2419 operum
2594 2347 2859 2427 ﬁgmenta»
2876 2352 3021 2403 sunt.

286 2434 393 2486 τῶν
420 2434 573 2497 ὅλων,
600 2434 712 2488 ἀλλ’
741 2436 860 2489 οὐδὲ
883 2440 992 2500 τοῖς
1024 2438 1268 2507 ἐσχάτοις
1326 2438 1433 2490 τῶν
1480 2434 1757 2519 ἐμψύχων,
1796 2429 1875 2499 οἷς
1910 2436 2156 2507 μέτεστιν
2188 2437 2515 2509 αἰσθήσεως·
2748 2436 2804 2490 δὲ
2834 2436 3033 2507 ἄψυχος
3064 2436 3162 2507 ὕλη
3219 2438 3484 2509 καθέστη-

288 2542 400 2578 κεν.
436 2528 675 2580 Κάκεῖνα
731 2527 849 2597 μὲν,
896 2528 1037 2595 λέγω
1068 2528 1131 2599 δὴ
1161 2529 1227 2581 τά
1262 2528 1491 2599 ἔμψυχα
1545 2529 1678 2592 ζῶα,
1726 2525 1875 2601 Θεοῦ
1906 2530 2061 2599 Λόγῳ
2116 2530 2437 2600 συνέστηκεν
2482 2547 2495 2560 ·
2548 2530 2597 2582 οἱ
2657 2528 2713 2581 δὲ
2756 2526 2863 2581 τῶν
2910 2528 3074 2583 ἐθνῶν
3120 2531 3487 2601 νενομισμένοι

288 2616 400 2669 θεοὶ
431 2616 783 2687 ἀνθρωπίνων
815 2618 989 2689 ἔργων
1018 2618 1412 2690 ἀναπλάσματα
1440 2620 1806 2687 τυγχάνουσιν.

772 2732 1185 2787 ΑΔΔΗΛΟΥΙΑ.
1226 2732 1364 2787 ΡΙΔί.

368 2824 697 2892 Ἠτὰπησαὲ
708 2823 796 2876 ὅτι
816 2825 1233 2880 εἰσακούσεται
1271 2826 1487 2892 Κύριος
1512 2824 1622 2892 τῆς
1642 2823 1845 2893 φωνῆς

286 2914 398 2983 τῆς
430 2913 690 2979 δεήσεώς
715 2931 855 2987 μου,
888 2914 975 2967 ὅτι
1005 2915 1203 2969 ἔκλινε
1248 2914 1316 2969 τὸ
1342 2912 1449 2981 οὖς
1481 2916 1663 2970 αὑτοῦ
1688 2916 1838 2984 ἐμοὶ,

288 3006 386 3058 καὶ
419 3006 489 3059 ἐν
514 3006 643 3071 ταῖς
667 3004 912 3073 ἡμέραις
942 3023 1060 3074 μου
1100 3005 1542 3077 ἐπικαλέσομαι.
1586 3006 1642 3059 ’0
1676 3006 1840 3059 πάλαι

288 3095 613 3167 φοϐούμενος
648 3096 739 3150 τὸν
765 3096 988 3169 Κύριον,
1026 3097 1125 3168 ήδη
1162 3097 1439 3170 προκόψας
1488 3098 1594 3151 ἀπὸ
1616 3097 1709 3151 τοῦ
1741 3097 1838 3165 φό-

288 3187 403 3252 ϐου,
445 3188 537 3240 καὶ
582 3188 817 3258 μεταϐὰς
842 3189 934 3240 ἐπὶ
974 3190 1076 3260 τὴν
1101 3188 1318 3259 ἀγάπην
1368 3187 1461 3241 τοῦ
1508 3187 1664 3251 Θεοῦ,
1697 3187 1836 3240 εῐποι

288 3279 373 3342 ἂν,
409 3279 713 3349 Ὴγάπησα
732 3295 750 3312 ο
798 3279 919 3333 τίνα
942 3280 1020 3344 δὲ,
1053 3278 1305 3350 ἢδηλαδὴ
1354 3278 1552 3351 Κύριον
1580 3279 1670 3333 τὸν
1702 3278 1833 3333 Θεὸν

2431 2728 2788 2785 ALLELUIA.
2829 2718 3009 2787 CXIV.

2020 2819 2181 2875 Vsus.
2216 2821 2266 2884 l,
2293 2820 2347 2874 2.
2382 2819 2559 2875 Dilexi
2587 2823 2834 2889 quoniam
2854 2823 3097 2877 exaudiet
3126 2823 3379 2879 Dominus
3409 2842 3489 2881 vo-

1944 2928 2054 2965 cem
2083 2912 2334 2965 orationis
2357 2927 2502 2978 meae,
2525 2914 2649 2983 quia
2671 2914 2939 2967 inclinavit
2965 2930 3145 2969 aurem
3166 2932 3315 2971 suam
3337 2920 3488 2984 mihi,
3534 2918 3541 2932 ⁸

1942 3012 1993 3057 et
2016 3003 2069 3055 in
2094 3001 2273 3055 diebus
2304 3002 2431 3055 meis
2451 3002 2717 3057 invocabo.
2747 3003 2849 3067 Qui
2874 3004 3003 3059 olim
3033 3004 3313 3061 Dominum
3339 3009 3488 3064 time-

1942 3093 2054 3155 bat,
2080 3093 2189 3162 jam
2221 3106 2251 3144 a
2284 3093 2475 3147 timore
2504 3091 2799 3162 prolectus,
2827 3101 2880 3148 et
2906 3096 2975 3148 ad
3011 3094 3349 3151 dilectionem
3387 3097 3484 3155 Dei

1940 3192 2335 3253 transgressus,
2355 3184 2478 3253 jure
2498 3184 2715 3248 dixerit,
2747 3184 2923 3239 Dilexi
2946 3203 2965 3240 :
2989 3202 3145 3255 quem
3170 3204 3348 3258 porro,
3376 3191 3485 3247 nisi

1941 3272 2224 3327 Dominum
2242 3271 2427 3336 Deum,
2447 3288 2512 3329 ex
2531 3280 2642 3328 toto
2663 3274 2848 3341 corde,
2868 3275 3068 3330 virtute
3089 3284 3249 3347 atque
3272 3280 3480 3346 anima;

287 3366 347 3431 ἐξ
373 3366 508 3437 -ὃλης
537 3368 779 3437 καρδίας,
809 3367 901 3420 καὶ
924 3367 1199 3438 δυνάμεως
1220 3368 1312 3421 και)⁸
1331 3368 1524 3439 ψυχῆς,
1551 3367 1689 3421 ὥστε
1717 3368 1833 3422 ’ἐνε-
1861 3372 1904 3432 C
1939 3367 1992 3419 it:

1780 3386 1833 3421 e-
1861 3372 1904 3432 c
1939 3367 2012 3419 ita
2041 3372 2101 3419 ut
2128 3372 2350 3435 pr0pter
2381 3367 2582 3433 ipsum,
2613 3366 2697 3419 vel
2721 3365 2786 3418 ad
2811 3376 3038 3422 mortem
3072 3384 3242 3438 usque
3268 3384 3485 3426 concer-

287 3473 380 3510 κεν
400 3455 563 3511 αὐτοῦ
586 3460 677 3511 καὶ
704 3458 859 3528 μέχρι
886 3457 1112 3511 Θανάτου
1149 3458 1505 3526 ἀγωνίζεσθαι
1532 3459 1668 3532 ὑπὲρ
1704 3459 1835 3530 ἀλη-

288 3544 457 3609 θείας,
506 3544 685 3609 πάντα
716 3561 774 3597 τε
814 3546 1099 3615 ὑπομεῖναι
1150 3545 1469 3616 πειρασμὸν,
1522 3545 1613 3597 καὶ
1664 3544 1837 3598 πάντα

286 3635 525 3689 κίνδυνον
577 3636 870 3705 ὑποστῆναι
929 3634 1218 3705 προθύμως
1263 3634 1350 3687 διὰ
1392 3633 1489 3706 τὴν
1539 3636 1672 3707 πρὸς
1708 3635 1839 3689 Θεὸν

287 3726 541 3797 ἀγάπην;
576 3727 695 3779 Ὀτι
746 3726 952 3792 ἔκλινε
990 3726 1054 3778 τὸ
1099 3720 1207 3790 οὖς
1235 3725 1419 3780 αὑτοῦ
1464 3725 1610 3795 ἐμοὶ,
1644 3726 1741 3779 καὶ
1771 3727 1840 3780 ὲν

288 3813 413 3880 ταῖς
462 3814 703 3883 ἡμέραις
748 3831 865 3882 μου
909 3813 1353 3881 ὲπικαλέσομαι.
1408 3814 1736 3884 Περιέσχον
1762 3832 1839 3883 με

284 3906 490 3971 ὠδῖνες
529 3902 805 3969 θανάτου,
840 3904 1104 3958 κίνδυνοι
1130 3905 1275 3971 ᾅδου
1302 3904 1561 3973 εὕροσάν
1575 3922 1653 3974 με
1669 3922 1683 3935 '
1709 3906 1839 3960 θλί-

274 3990 395 4066 ψιν
422 3995 519 4050 καὶ
548 3995 773 4063 ὀδύνην
804 3990 1001 4063 εὗρον,
1028 3994 1125 4048 καὶ
1156 3995 1219 4049 τὸ
1252 3994 1436 4064 ὄνομα
1461 3996 1678 4062 Κυρίου
1709 3996 1839 4049 ἐπε-

286 4087 653 4157 καλεσάμην.
684 4084 752 4140 Ὦ
822 4087 1013 4155 Κύριε,
1061 4086 1246 4154 ῥῦσαι
1294 4086 1407 4153 τὴν
1441 4086 1649 4155 ψυχήν
1697 4103 1835 4157 μουο

285 4178 556 4248 ἐλεήμων
584 4178 681 4231 καὶ
714 4177 940 4242 δίκαιος
973 4179 1006 4230 ό
1034 4177 1269 4243 Κύριος,
1298 4174 1395 4228 καὶ
1432 4177 1466 4229 ό
1491 4175 1633 4241 Θεὸς
1671 4173 1838 4243 ἡμῶν

286 4269 458 4324 ἐλεεῖ.
493 4268 827 4323 Φυλὰσσων
869 4267 942 4319 τὰ
975 4265 1156 4332 νήπια
1196 4268 1227 4317 ὁ
1276 4266 1503 4331 Κύριος,
1526 4264 1834 4317 ἐταπεινώ-

286 4359 419 4423 θην,
451 4356 549 4409 καὶ
580 4355 775 4409 ἔσωσέ
806 4371 903 4423 με.
962 4354 1369 4420 Ἐπίοντρεψοη
1394 4350 1560 4419 ψυχή
1583 4369 1723 4420 μου,
1749 4354 1835 4417 εις

288 4445 400 4512 τὴν
421 4445 765 4499 ἀνάπαυσίν
794 4459 930 4506 σου,
956 4443 1044 4495 ὅτι
1075 4444 1286 4509 Κύριος
1320 4440 1677 4509 εὐηργέτησέ
1726 4454 1832 4495 σε’

287 4536 377 4589 ὅτι
418 4536 676 4601 ἐξείλετο
724 4534 839 4603 τὴν
868 4533 1075 4602 ψυχήν
1109 4551 1226 4601 μου
1274 4533 1341 4585 ἐκ
1378 4531 1653 4597 θανάτου,
1697 4532 1836 4598 τοὺς

285 4629 626 4697 ὀφθαλμούς
678 4645 794 4695 μου
826 4624 941 4678 ἀπὸ
991 4624 1403 4691 duplicis-{xui
1455 4624 1595 4691 τοὺς
1647 4624 1835 4689 πόδας

1935 3461 2013 3511 tet
2049 3470 2148 3525 pro
2180 3457 2424 3521 veritate,
2459 3470 2523 3511 ac
2546 3458 2795 3526 Quamvis
2822 3462 3170 3533 ten-tationem
3197 3462 3483 3527 sustineat,

1937 3546 2167 3620 quodvis
2197 3548 2499 3617 periculum
2522 3547 2778 3602 alacriter
2800 3563 2908 3617 prae
2936 3549 3027 3603 Dei
3050 3566 3232 3607 amore
3260 3552 3487 3608 subeat?

1935 3668 2006 3681 —-
2025 3637 2190 3694 Vens.
2221 3639 2335 3693 5-8.
2368 3638 2507 3705 Quia
2536 3634 2825 3695 inclinavit
2863 3657 3042 3694 aurem
3082 3658 3232 3695 suam
3262 3644 3408 3710 milii,
3436 3655 3485 3699 et

1936 3730 1992 3783 in
2019 3728 2200 3783 diebus
2230 3730 2356 3783 meis
2388 3728 2654 3783 invocabo.
2684 3730 3145 3785 Circumdederunt
3172 3720 3253 3788 me
3276 3736 3481 3791 dolores

1938 3820 2142 3881 mortis,
2185 3817 2417 3886 pericula
2456 3818 2648 3885 inferni
2688 3820 2988 3874 invenerunt
3026 3836 3119 3873 me.
3160 3820 3485 3879 Tribulatio-

1936 3924 2053 3963 nem
2098 3916 2148 3961 et
2183 3908 2414 3963 dolorem
2452 3909 2643 3971 inveni,
2672 3917 2722 3962 et
2755 3924 2938 3967 nomen
2979 3908 3191 3964 Domini
3228 3913 3479 3977 invocavi.

1939 3997 1985 4053 ο
2008 3998 2252 4063 Domine,
2275 3998 2439 4052 libera
2462 3999 2694 4051 animam
2716 4011 2902 4067 meam,
2929 4002 3219 4057 misericors
3242 4014 3291 4057 et
3302 4005 3481 4073 justus

1939 4088 2214 4151 Dominus,
2242 4099 2290 4142 et
2328 4088 2465 4141 Deus
2495 4101 2669 4141 noster
2690 4091 3322 4149 miseretur..Custodiens
3354 4112 3480 4165 par-

1934 4178 2079 4232 vulos
2128 4170 2404 4245 Deminus,
2450 4179 2755 4235 humiliatus
2811 4198 2962 4247 sum,
3020 4194 3070 4237 et
3120 4186 3344 4241 salvabit
3381 4207 3478 4241 me.

1936 4266 2260 4347 Convertere,
2303 4271 2481 4323 anima
2515 4288 2650 4329 mea.
2694 4273 2748 4325 in
2777 4274 3000 4344 requiem
3034 4287 3198 4341 tuam,
3230 4282 3351 4349 quia
3380 4281 3486 4334 llo-

1912 4360 2107 4435 ,minus
2142 4359 2387 4427 benefecit
2418 4362 2530 4414 tibi.
2574 4362 2713 4428 Quia
2750 4365 2939 4432 eripuit
2970 4368 3392 4437 animammeam
3421 4374 3485 4424 de

1937 4458 2121 4513 morte,
2151 4448 2339 4525 oculos
2362 4467 2499 4505 meos
2529 4468 2560 4504 a
2593 4451 2863 4523 lacrymis,
2892 4455 3043 4522 pedes
3075 4450 3278 4521 meos’i
3313 4462 3481 4529 lapsu,

1937 4538 2081 4605 Haec,
2114 4540 2311 4610 inquit,
2339 4543 2519 4595 omnia
2551 4553 2773 4613 propter
2803 4544 2970 4602 Deum
3006 4563 3296 4620 perpessus
3323 4552 3485 4607 dilexi

1936 4630 2104 4684 illum.
2140 4630 2257 4686 Non
2293 4633 2434 4687 enim
2483 4632 2674 4701 praeter
2712 4636 3075 4704 voluntatem,
3123 4656 3297 4711 neque
3337 4642 3483 4697 refu-

286 4737 399 4783 μου
427 4718 543 4773 ἀπὸ
582 4719 994 4787 ὀλισθήματος.
1030 4712 1205 4770 Πάντα
1228 4716 1333 4787 γὰρ
1369 4715 1559 4783 ταῦτα,
1588 4718 1737 4788 φησὶ,
1752 4717 1838 4769 διά
1868 4722 1913 4776 D
1939 4724 1989 4793 gi

1778 4717 1838 4769 id
1868 4722 1913 4776 D
1939 4722 2165 4793 giendo,
2212 4724 2306 4777 sed
2354 4724 2606 4778 alacriter
2639 4742 2725 4781 me
2765 4728 2847 4783 his
2892 4732 3146 4787 omnibus
3182 4733 3396 4797 tradidi,
3422 4743 3483 4789 et

284 4810 376 4863 τὸν
400 4810 531 4864 Θεὸν
569 4810 863 4881 ὑπομείνας
900 4808 1177 4879 ἠγάπησα.
1213 4809 1284 4861 Ού
1313 4808 1420 4878 γὰρ
1453 4807 1601 4876 παρὰ
1642 4809 1831 4879 προαί-

288 4916 455 4971 ρεσιν,
505 4900 625 4953 οὕτε
680 4901 912 4970 φεύγων,
948 4899 1236 4972 προθύμως
1283 4898 1338 4951 δὲ
1368 4898 1600 4967 ἐμαυτὸν
1628 4896 1832 4960 τούτοις

288 4990 487 5043 ἅπασιν
526 4988 811 5051 ἐπιδιδοὺς,
847 4989 1070 5059 ἔστερξα
1107 4990 1192 5042 διὰ
1240 4988 1333 5058 τὴν
1381 4987 1515 5057 πρὸς
1570 4989 1657 5041 τὸν
1702 4989 1833 5042 Θεὸν

285 5080 528 5150 ἀγάπην·
573 5079 648 5141 ὡς
687 5079 939 5131 δύνασθαι
974 5080 1183 5146 λέγειν·
1220 5076 1460 5131 Ἕνεκέν
1493 5095 1605 5133 σου
1652 5084 1833 5134 θανα-

1941 4815 2051 4869 [nec
2074 4814 2352 4882 anuplexus
2380 4830 2496 4868 sum
2525 4824 2759 4885 propter
2779 4834 3017 4876 amorem
3048 4821 3178 4890 Dei;
3217 4824 3289 4877 ita
3318 4831 3377 4877 ut
3398 4824 3481 4878 di-

1936 4917 2056 4956 cere
2100 4903 2408 4958 valeamus:
2434 4904 2653 4974 Propter
2695 4917 2742 4962 te
2779 4912 3157 4979 mortiﬁcamur
3190 4920 3298 4965 tota
3335 4912 3417 4965 die
3440 4913 3482 4967 ⁸.
3559 4950 3565 4954 -

1938 4992 2059 5047 Haec
2102 4993 2298 5063 quippe
2345 4996 2527 5050 omnia
2573 4997 2734 5053 dilexi
2784 5009 3005 5071 propter
3054 5000 3379 5067 Dominum;
3419 5020 3483 5057 ac

1935 5100 2056 5138 cum
2086 5084 2381 5154 diligerem,
2412 5101 2606 5143 nomen
2637 5088 2848 5146 Domini
2876 5093 3142 5149 invocavi.

286 5171 536 5237 τούμεθα
556 5167 707 5235 ὅλην
736 5170 849 5235 τὴν
874 5168 1116 5236 ἡμέραν.
1156 5169 1336 5221 Πάντα
1374 5169 1480 5239 γὰρ
1524 5168 1691 5223 ταῦτα
1729 5172 1984 5243 ἠγάπησα
2040 5174 2127 5228 διὰ
2182 5176 2271 5229 τὸν
2301 5175 2517 5247 Κύριον,
2546 5180 2636 5231 καὶ⁵
2650 5180 2937 5251 ἀγαπήσας
2972 5183 3031 5235 τὸ
3073 5166 3482 5249 ὄνομα-Κυρίου

286 5260 717 5331 ὲπεκαλεσάμην.

356 5346 755 5422 Εὐαρεστήσω
778 5350 1029 5407 ἐνώπιον
1053 5352 1268 5421 Κυρίου
1312 5352 1382 5405 ὲν
1407 5351 1564 5421 χώρᾳ
1588 5351 1833 5413 ζώντων.

2005 5353 2167 5408 Vens.
2201 5355 2253 5409 9.
2292 5354 2517 5410 Placebo
2551 5375 2728 5412 coram
2761 5359 2984 5414 Domino
3008 5361 3064 5413 in
3089 5340 3291 5430 regione
3323 5363 3486 5416 viven‘

295 5443 357 5498 Ὀ
382 5434 581 5514 κόσμος
621 5438 771 5506 οὗτος
818 5444 975 5506 αὑτός
1005 5445 1063 5496 τέ
1102 5446 1216 5497 ἐστι
1260 5444 1469 5515 θνητὸς,
1515 5446 1608 5498 καὶ
1644 5447 1839 5516 χωρίον
1938 5448 2000 5499 tis

1781 5465 1839 5501 ον
1938 5448 2086 5501 tium.
2138 5444 2237 5501 Hic
2280 5449 2514 5503 mundus
2553 5466 2676 5505 vere
2713 5460 2766 5505 et
2801 5452 2914 5521 ipse
2956 5453 3225 5515 mortalis,
3271 5460 3323 5506 et
3366 5469 3485 5507 mo—

286 5535 729 5607 ἀποθνησκόντων
757 5534 918 5586 ἐστίν.
948 5535 1161 5605 Ἐπειδὴ
1184 5534 1291 5606 γὰρ
1323 5534 1570 5599 σύνθετός
1589 5538 1701 5589 ἐστι
1732 5538 1839 5590 τῶν
1934 5537 1991 5592 fit

1777 5538 1839 5590 Iw
1934 5537 2188 5594 ricntium
2232 5538 2385 5595 locus
2431 5549 2532 5597 est.
2574 5540 2710 5607 Quia
2757 5544 2901 5597 enim
2955 5559 3135 5599 rerum
3184 5544 3482 5601 visibilium

287 5625 571 5696 ὁρωμένων
594 5628 628 5695 ἡ
660 5625 941 5687 σύστασις’
968 5626 1029 5678 τὸ
1071 5628 1127 5680 δὲ
1174 5626 1421 5681 σύνθετον
1458 5623 1603 5681 ἅπαν
1633 5629 1840 5684 διαλύε-
1937 5644 1992 5683 co

1774 5630 1840 5683 ie-
1937 5628 2252 5684 constitutio
2296 5633 2595 5701 composita
2626 5641 2727 5697 est,
2758 5647 2917 5686 omne
2948 5649 3078 5689 vero
3119 5636 3479 5704 compositum

292 5716 409 5769 σθαι
443 5716 681 5785 πέφυκεν
702 5734 714 5746 -
748 5718 804 5768 ὲν
840 5714 914 5785 τῷ
946 5718 1131 5789 κοσμῳ
1159 5718 1325 5783 ὄντες,
1370 5717 1529 5793 μέρος
1563 5719 1711 5783 ὄντες
1746 5719 1837 5774 τοῦ
1938 5737 1997 5777 so

1779 5719 1837 5774 οὗ
1938 5723 2200 5789 solvitur;
2234 5736 2357 5778 cum
2388 5724 2443 5781 in
2476 5723 2676 5779 mundo
2704 5731 2755 5777 et
2786 5738 2911 5793 pars
2950 5724 3135 5780 mundi
3163 5707 3356 5792 simus,
3385 5743 3484 5784 ue-

362 5873 383 5903 δ
422 5870 563 5926 Psal.
596 5886 722 5925 xuu
748 5913 762 5935 ,
794 5870 884 5927 22.
