4318 6414
814 461 945 520 1559

1474 462 1734 519 EUSEBII
1771 465 2234 524 CESARIENSIS
2267 465 2415 521 OPP.
2457 465 2632 520 PARS
2670 467 2755 521 ιιι.
2793 497 2860 510 -—
2889 466 3290 525 EXEGETICA.

3855 476 3992 535 1560

807 586 1045 640 cessario
1075 592 1277 638 naturae
1316 583 1550 638 universi
1588 592 1866 639 consortes
1902 600 2124 651 sumus;
2155 592 2212 639 at
2239 584 2348 638 illic
2378 591 2421 645 Α
2449 585 2512 638 κδ

2299 584 2348 637 ic
2378 591 2421 645 Α
2449 585 2670 656 κόσμου,
2703 586 3016 653 ἀναγκαίως·
3037 586 3135 656 τῆς
3161 584 3250 654 τοῦ
3285 587 3478 650 παντὸς
3511 588 3718 658 φύσεως
3744 587 4000 646 ἀπολαύο-

809 692 916 729 non
955 684 1038 729 est
1068 675 1364 728 immutatio
1395 675 1475 727 vel
1515 675 1758 743 corporis
1801 674 1884 728 vel
1924 676 2134 729 animat.
2167 674 2348 744 Neque

807 767 950 820 enim
1002 774 1083 818 est
1132 765 1471 834 cogitationis
1519 763 1811 826 aberratio,
1859 779 2033 834 neque
2071 767 2348 820 sententia:

799 853 1052 916 'variatio,
1078 867 1200 906 cum
1230 853 1374 905 nulla
1395 852 1674 905 calamitas
1702 858 1948 919 pacatum
1977 851 2348 920 tranquillum-

808 959 910 1012 que
948 943 1330 1014 cogitationum
1380 942 1625 995 ordinem
1674 939 1901 996 auferat.
1947 937 2040 993 Illa
2087 941 2214 995 item
2265 950 2348 995 est

806 1035 952 1104 regio
994 1034 1314 1096 viventium,
1361 1033 1450 1086 ubi
1504 1046 1562 1086 se
1607 1032 1841 1096 maxime
1880 1030 1988 1087 Deo
2027 1032 2347 1100 placiturum

804 1125 1058 1195 pr0phela
1097 1125 1450 1194 praenuntiat;
1500 1132 1558 1177 ut
1603 1124 1695 1192 qui
1731 1139 1761 1176 a
1804 1123 1955 1178 nullo
1990 1128 2246 1180 extraneo
2279 1137 2346 1177 ex

803 1229 1027 1269 numero
1053 1213 1346 1268 viventium
1379 1212 1781 1268 abscindendus
1813 1214 1904 1268 sit.
1937 1211 2029 1267 Illa
2061 1213 2210 1283 regio
2239 1219 2343 1278 est,

787 1293 853 1359 in
885 1320 987 1375 qua
1016 1320 1190 1374 neque
1223 1320 1351 1367 nox,
1399 1318 1575 1373 neque
1621 1299 1868 1366 somnus,
1909 1303 2101 1358 mortis
2144 1303 2340 1373 imago,

799 1414 972 1468 neque
1006 1398 1180 1463 cibus,
1205 1413 1376 1467 neque
1398 1406 1576 1466 potus,
1604 1395 1933 1450 inﬁrmitatis
1961 1405 2157 1451 nostra:
2187 1396 2345 1450 fulci-

798 1497 998 1553 menta,
1029 1503 1128 1543 nec
1159 1488 1432 1558 quidpiam
1472 1501 1658 1541 eorum
1705 1500 1825 1556 qua:
1861 1487 2200 1541 extrinsecus
2229 1499 2343 1540 mo-

798 1580 1005 1635 lestiam
1036 1585 1257 1645 creant;
1293 1576 1388 1633 sed
1425 1577 1574 1647 regio
1603 1577 1920 1641 viventium,
1966 1590 2066 1631 nec
2094 1591 2190 1647 per
2218 1591 2343 1647 pec-

795 1674 975 1719 catum
1003 1664 1374 1729 morientium;
1409 1670 1464 1716 at
1489 1677 1614 1718 vera
1643 1663 1752 1718 vita
1788 1663 2079 1720 viventium
2107 1665 2162 1720 in
2184 1665 2341 1721 Chri—

769 1761 882 1807 sto
912 1751 1064 1807 Jesu.

1293 1863 1646 1919 ALLELUIA.
1689 1821 1850 1920 ch.

863 1976 1457 2040 Vens.10-12,Credidi,
1481 1991 1688 2046 propter
1705 1977 1840 2047 quod
1858 1978 2057 2031 locutus
2080 1994 2195 2031 sum
2215 1994 2336 2048 :ego

795 2083 963 2128 autem
993 2073 1292 2126 humiliatus
1325 2088 1438 2124 sum
1465 2071 1640 2125 nimis.
1665 2069 1774 2140 Ego
1810 2080 1983 2124 autem
2003 2069 2116 2123 dixi
2149 2071 2202 2124 in
2245 2086 2338 2123 ea:-

792 2179 941 2216 cessu
993 2160 1344 2216 meo:0mnis
1385 2159 1536 2214 homo
1583 2158 1823 2212 mendax.
1861 2158 2000 2223 Quid
2055 2159 2337 2212 retribuam

791 2252 1013 2307 Domino
1043 2266 1135 2321 pro
1161 2248 1396 2304 omnibus
1417 2264 1530 2319 quc
1552 2246 1791 2301 retribuit
1813 2246 1975 2304 mihi?
1995 2246 2052 2300 ln
2073 2246 2336 2301 Hebraico

787 2344 1082 2412 exemplari
1111 2342 1224 2395 haec
1247 2354 1371 2393 cum
1401 2337 1827 2408 praecedentibus
1863 2339 2152 2407 conjuncta
2185 2349 2333 2403 sunt,

788 2436 862 2490 ita
890 2443 947 2489 ut
982 2435 1168 2488 horum
1201 2431 1467 2489 sententia
1499 2444 1622 2484 cum
1646 2429 1944 2498 praemissis
1971 2429 2256 2498 cohaereat,
2283 2439 2339 2486 et

789 2542 916 2597 pars
939 2541 1124 2581 eorum
1180 2524 1269 2580 sit.
1323 2521 1455 2576 Nam
1478 2536 1599 2577 cum
1625 2520 1849 2576 dixisset
1872 2521 1944 2574 ibi
1975 2537 1990 2574 :
2013 2520 2335 2587 Convertere,

787 2618 968 2670 anima
998 2631 1132 2678 mea,
1170 2614 1223 2667 in
1253 2613 1477 2683 requiem
1506 2620 1684 2676 tuam;
1714 2625 1776 2665 ac
1818 2627 2036 2666 rursum
2067 2630 2081 2665 :
2111 2610 2335 2668 Placebo

789 2711 845 2764 in
870 2716 1140 2770 conspectu
1175 2706 1388 2760 Domini
1417 2706 1471 2758 in
1501 2704 1706 2774 regione
1751 2705 2056 2768 viventium;
2087 2704 2175 2758 hic
2203 2706 2333 2760 sub-

785 2800 962 2869 jungit
977 2800 1090 2852 haec
1110 2798 1272 2852 verba
1292 2816 1305 2851 :
1325 2792 1556 2858 Credidi,
1581 2803 1788 2864 propter
1809 2793 1945 2864 quod
1966 2794 2166 2848 locutus
2198 2810 2332 2849 sum.

789 2888 962 2941 Aliam
994 2887 1189 2956 quippe
1219 2899 1341 2940 esse
1371 2883 1644 2954 regionem
1673 2883 1969 2937 viventium
2003 2891 2196 2952 praeter
2235 2883 2337 2936 hu-

790 2994 1001 3033 manam
1030 2980 1191 3031 vitam
1225 2974 1450 3039 credidi,
1482 2989 1710 3043 esseque
1731 2973 1856 3028 item
1881 2975 2074 3028 animae
2094 2975 2336 3045 requiem

787 3072 945 3126 aliam
977 3077 1168 3139 praeter
1202 3073 1468 3120 terrenam
1492 3063 1895 3120 habitationem.
1931 3064 2163 3130 Credidi,
2211 3081 2335 3133 pro-

786 3173 898 3231 pter
928 3161 1062 3232 quod
1109 3161 1309 3220 locutus
1357 3173 1472 3210 sum
1502 3173 1520 3209 :
1546 3172 1636 3227 ego
1671 3165 1842 3210 autem
1881 3157 2184 3220 humiliatus
2216 3174 2333 3212 sum

787 3254 965 3308 nimis.
993 3249 1102 3322 Ego
1132 3257 1302 3303 autem
1325 3247 1438 3302 dixi
1474 3248 1530 3303 in
1560 3262 1770 3302 excessu
1797 3264 1908 3302 meo
1925 3263 1944 3302 :
1975 3242 2157 3303 Omnis
2179 3249 2330 3313 homo
2357 3243 2409 3324 (ς’

787 3341 1030 3395 mendax.
1057 3336 1742 3409 Memetipsum‘humiliavi,
1760 3345 1813 3390 et
1833 3335 2118 3392 admodum
2137 3337 2326 3392 aﬂlixi:

785 3432 860 3486 ita
913 3432 1056 3485 enim
1107 3430 1490 3499 interpretatus
1551 3425 1908 3499 Symmachus
1948 3438 2053 3491 est,
2103 3428 2326 3484 dicens:

790 3523 1022 3593 Aﬁiictus
1051 3536 1167 3574 sum
1197 3509 1364 3574 valde.
1406 3516 1464 3572 id
1487 3532 1616 3574 vero
1643 3517 1890 3588 praestiti,
1925 3517 2067 3588 quod
2110 3519 2327 3580 scirem,

784 3626 996 3666 omnem
1041 3610 1310 3664 hominem
1343 3623 1465 3665 esse
1493 3607 1805 3664 mendacem
1840 3627 1854 3663 :
1885 3622 2054 3679 quare
2105 3615 2327 3662 conten-

784 3705 918 3760 dens
972 3717 1037 3759 ac
1076 3701 1491 3774 sollicitudinem
1533 3717 1746 3773 gerens,
1790 3716 1877 3763 ne,
1912 3711 2095 3773 utpote
2146 3703 2324 3764 homo,

783 3797 921 3852 falso
945 3795 1013 3852 de
1034 3810 1120 3850 me
1147 3794 1286 3857 hanc
1310 3793 1629 3849 sententiam
1651 3791 1964 3863 protulerim
1989 3806 2002 3842 :
2029 3791 2250 3846 Plaeebo
2273 3793 2327 3846 in

783 3895 1055 3955 conspectu
1084 3884 1296 3939 Domini
1322 3885 1376 3938 in
1407 3884 1608 3954 regione
1626 3883 1920 3938 viventium.
1941 3881 2065 3938 Ideo
2093 3897 2215 3937 cum
2241 3883 2326 3938 fu-

785 3985 916 4028 turae
945 3975 1065 4030 vitae
1094 3981 1147 4030 et
1177 3975 1371 4028 anima:
1403 3974 1630 4045 requiei,
1660 3988 1871 4029 necnon
1899 3974 2104 4046 regioni
2136 3976 2322 4029 viven-

782 4067 915 4119 tium
949 4063 1102 4120 ﬁdem
1133 4063 1388 4130 habeam,
1418 4074 1472 4119 et
1517 4067 1629 4121 haec
1661 4067 1873 4121 locutus
1907 4066 2007 4121 sim
2037 4066 2162 4136 quia
2201 4081 2321 4121 cre-

780 4157 1008 4222 debam,
1033 4171 1099 4210 ne
1128 4170 1158 4208 a
1191 4155 1547 4226 promissione
1580 4156 1750 4220 labar,
1782 4170 1882 4211 nec
1904 4171 1998 4227 spe
2031 4156 2323 4212 frustratus

780 4246 1029 4316 evadant,
1049 4245 1422 4314 memetipsum
1455 4245 1606 4301 valde
1631 4245 1927 4300 humiliavi.
1960 4264 1966 4275 ν·

851 4503 959 4576 Ego
985 4514 1156 4558 autem
1176 4503 1288 4557 dixi
1325 4504 1378 4556 in
1399 4519 1606 4557 excessu
1627 4519 1767 4558 meo:
1788 4503 1968 4559 Omnis
2007 4505 2157 4562 homo
2177 4526 2319 4563 men-

2453 691 2550 745 μεν
2567 692 2581 706 ’
2613 678 2728 728 ἐκεῖ
2751 675 2808 728 δὲ
2827 678 2923 730 οὐκ
2951 676 3094 730 ἐστιν
3126 676 3424 741 ἀλλοίωσις,
3455 678 3573 732 οὕτε
3592 678 3857 752 σώματος,
3873 680 4000 737 οὔτε
4023 684 4026 686 ⁷

2449 762 2640 834 ψυχῆς.
2667 763 2799 817 Οὐδὲ
2821 763 2930 837 γάρ
2957 753 3354 836 ἐπιλογισμοῦ
3377 768 3720 839 παρατροπὴ,
3751 769 3874 823 οὐδὲ
3899 786 4000 840 μι-

2448 852 2661 916 τάθεσις
2685 852 2922 925 γνώμης,
2950 854 3202 924 οὐδεμιᾶς
3250 856 3614 925 περιστάσεως
3654 856 3714 910 τὺ
3740 858 3998 922 εὐσταθὲς

2449 944 2539 994 καὶ
2579 943 2846 1014 ἀτάραχον
2894 943 3002 997 τῶν
3057 944 3325 1016 λογισμῶν
3363 947 3784 1019 ἀφαιρουμένης.
3830 947 3998 1020 Χώρα

2448 1033 2592 1085 ἐστὶν
2634 1035 2814 1103 ἐκείνη
2845 1035 2952 1087 τῶν
2997 1034 3075 1086 ἔτι
3105 1034 3336 1098 ζώντων,
3367 1037 3421 1087 ὲν
3534 1034 3764 1106 μάλιστα
3802 1034 3998 1108 εὐαρσο

2451 1123 2666 1194 στήσειν
2687 1122 2762 1192 τῷ
2805 1122 2921 1192 Θεῷ
2968 1125 2996 1175 ὁ
3043 1126 3320 1194 προφήτης
3366 1125 3874 1194 κατεπαγγέλλεται,
3919 1127 3996 1190 ὼς

2447 1209 2536 1262 ὑπ’
2568 1211 2776 1274 οὐδενὸς
2803 1210 3004 1281 μέλλων
3032 1212 3138 1264 τῶν
3155 1212 3345 1278 ἔξωθεν
3361 1215 3739 1270 διακόπτεσθαι
3760 1214 3995 1280 ζώντων.

2427 1328 2429 1335 κ
2457 1299 2665 1369 Ὲκείνη
2691 1299 2840 1370 χώρα
2872 1302 2928 1353 ὲν
3017 1301 3115 1353 οὐκ
3149 1302 3224 1355 ἔνι
3247 1303 3360 1369 νὺξ,
3385 1304 3484 1356 οὐκ
3521 1302 3596 1356 ἔνι
3628 1303 3789 1370 ὕπνος
3811 1306 3872 1359 τὸ
3898 1305 3993 1360 τοῦ

2445 1386 2673 1440 θανάτου
2702 1388 2942 1459 μίμημα,
2970 1390 3066 1442 οὐκ
3083 1389 3157 1442 ἔνι
3182 1388 3400 1461 βρῶσις,
3425 1393 3522 1445 οὐκ
3538 1392 3612 1445 ἔνι
3635 1392 3788 1457 πόσις
3808 1393 3876 1446 τὰ
3892 1391 3994 1463 τῆς

2444 1477 2722 1540 ἀσθενείας
2751 1479 2906 1548 ήμῶν
2939 1479 3331 1550 ὑπερείσματα,
3361 1483 3422 1534 οὐ
3439 1481 3547 1535 τῶν
3577 1479 3772 1546 ἔξωθέν
3807 1480 3862 1537 τι
3897 1499 3994 1536 πε·-

2446 1568 2762 1638 ριστατικῶν
2780 1585 2794 1598 ⁸
2824 1569 2958 1622 ἀλλὰ
2976 1569 3126 1640 χώρα
3153 1570 3385 1636 ζώντων,
3419 1573 3517 1626 οὐκ
3549 1573 3995 1645 ἀποθνησκόντων

2438 1657 2526 1742 διὰ
2553 1659 2653 1729 τῆς
2683 1660 2971 1731 ἁμαρτίας,
3005 1661 3138 1714 ἀλλὰ
3171 1661 3384 1726 ζώντων
3420 1661 3517 1734 τὴν
3550 1663 3805 1735 ἀληθινὴν
3849 1663 3996 1737 ζωὴν

2439 1748 2536 1820 τὴν
2569 1751 2626 1802 ὲν
2654 1749 2871 1820 Χριστῷ
2904 1749 3094 1822 Ἰησοῦ.

2924 1862 3338 1918 ΑΛΛΗΛΟΥῘΑ.
3365 1862 3509 1921 ΡΙΕ’.

2518 1973 2888 2038 Ἐπίστευσα,
2912 1973 3002 2027 διὸ
3038 1975 3327 2044 ἐλάλησα,
3361 1974 3474 2045 ἐγὼ
3499 1974 3569 2030 δὲ
3598 1975 3993 2047 iraa:qu

2437 2065 2686 2133 σφόδρα.
2742 2066 2880 2136 Ἐγὼ
2912 2066 2978 2119 δὲ
3010 2063 3146 2120 εἶπα
3172 2069 3241 2120 ὲν
3267 2067 3344 2136 τῇ
3371 2067 3652 2122 ἐκστάσει
3687 2085 3824 2138 μου·
3865 2069 3990 2137 Πᾶς

2435 2155 2742 2224 ἄνθρωπος
2797 2160 3087 2226 ⁴ψεύστιινις.
3140 2159 3199 2211 Τί
3245 2159 3642 2213 ἀνταποδώσω
3685 2157 3765 2225 τῷ
3799 2162 3993 2228 Κυρίῳ

2437 2245 2568 2313 περὶ
2599 2245 2836 2299 πάντων
2864 2241 2950 2300 ὧν
2977 2247 3352 2301 ἀνταπέδωκέ
3393 2263 3536 2316 μοι;
3576 2247 3846 2319 Συνῆπται
3896 2248 3992 2302 καὶ

2432 2338 2604 2391 ταῦτα
2629 2340 2740 2400 τοῖς
2787 2339 2892 2410 πρὸ
2933 2340 3107 2393 αὐτῶν
3148 2343 3204 2393 ὲν
3235 2341 3311 2411 τῷ
3340 2341 3606 2412 Ἐϐραῖκῷ
3653 2342 3988 2413 ἀντιγράφω,
4039 2344 4041 2346 ’

2433 2427 2572 2482 ὥστε
2603 2428 2946 2500 ἀπηρτῆσθαι
2968 2431 3065 2502 τὴν
3099 2431 3157 2485 ἐν
3181 2432 3360 2494 αὐτοῖς
3396 2431 3631 2485 διάνοιαν
3665 2432 3771 2486 τῶν
3793 2434 3988 2504 προλε-

2433 2518 2727 2590 λεγμένων,
2778 2521 2873 2574 καὶ
2917 2517 3250 2591 μέροςεῖναι
3292 2522 3488 2576 αὐτῶν.
3550 2523 3699 2574 Ἐπεὶ
3737 2523 3833 2592 μὲν
3880 2525 3988 2595 γὰρ

2434 2609 2642 2681 εἰρήκει
2675 2628 2688 2642 ο
2739 2611 3154 2680 Ἐπίστρεψον,
3203 2610 3372 2682 ψυχή
3398 2630 3536 2682 μου,
3571 2615 3658 2679 εὶς
3701 2612 3816 2680 τὴν
3844 2613 3989 2668 ἀνά-

2434 2701 2661 2753 παυσιν
2703 2716 2818 2757 σου
2843 2717 2857 2731 ·
2899 2701 2993 2755 καὶ
3036 2701 3234 2756 πάλιν*
3269 2701 3668 2770 Εὐαρεστήσω
3732 2701 3987 2758 ἐνώπιον

2433 2788 2649 2856 Κυρίου
2703 2788 2772 2841 ἐν
2827 2787 2988 2859 χώρᾳ
3033 2788 3256 2851 ζώντων
3301 2806 3315 2822 θ
3364 2789 3594 2844 ἐνταῦθα
3663 2791 3720 2844 δὲ
3759 2792 3984 2846 ἐπισυν-

2433 2881 2589 2933 ἅπτει
2635 2879 2803 2948 λέγων
2835 2897 2849 2911 ’
2898 2878 3291 2945 Ἐπίστευσα,
3333 2881 3424 2935 διὸ
3471 2882 3765 2951 uulnera.
3830 2879 3983 2938 Εἶναι

2435 2967 2539 3037 γὰρ
2560 2967 2739 3039 χώραν
2761 2967 2973 3034 ζώντων
2993 2971 3181 3040 ἑτέραν
3211 2971 3360 3044 παρὰ
3383 2970 3472 3024 τδν
3512 2971 3844 3042 ἀνθρώπινον
3872 2973 3984 3042 βίον

2431 3059 2738 3124 ἐπίστευσα,
2770 3059 2872 3112 καὶ
2901 3055 3040 3114 εἷναι
3079 3061 3176 3131 τῆς
3227 3061 3402 3132 ψυχῆς
3447 3062 3746 3117 ἀνάπαυσιν
3793 3064 3983 3134 ἑτέραν

2431 3151 2579 3220 παρά
2630 3149 2728 3219 τὴν
2777 3150 2868 3203 ἐπὶ
2930 3151 3032 3222 γῆς
3090 3149 3394 3222 διατριδήψ
3452 3150 3842 3215 Ἐπίστευσα,
3890 3152 3983 3206 διὸ

2429 3238 2719 3307 ἐλάλησα,
2755 3238 2870 3310 ἐγὼ
2893 3238 2962 3293 δὲ
3015 3239 3410 3310 erch
3445 3241 3693 3310 σφόδρα.
3728 3241 3872 3309 Ἐγὼ
3912 3241 3984 3298 δὲ

2428 3325 2565 3382 εἶπα
2582 3331 2652 3383 ἐν
2671 3328 2748 3398 τῇ
2764 3329 3043 3384 ἐκστάσει
3059 3349 3175 3400 μου
3193 3349 3206 3362 ο
3225 3330 3350 3398 Πᾶς
3371 3332 3671 3401 ἄνθρωπος
3688 3333 3976 3399 ψεύστης.
4009 3371 4011 3374 -

2441 3419 2803 3473 Ἕταπείνωσα
2823 3494 2826 3498 Ι
2847 3421 3100 3491 ἐμαυτὸν,
3149 3422 3242 3474 καὶ⁵
3269 3422 3470 3492 σφόδρα
3511 3423 3763 3476 ὲκάκωσα
3791 3437 3808 3455 ·
3839 3421 3981 3476 οὕτω

2427 3511 2535 3582 γὰρ
2587 3511 2921 3581 ἡρμήνευσεν
2979 3513 3008 3566 ὁ
3065 3511 3355 3583 Σύμμαχος
3400 3511 3565 3566 εἰπὼν
3591 3531 3604 3544 ·
3645 3514 3979 3581 Ἑκακώθην

2426 3591 2677 3671 σφοδραὶ
2711 3601 2878 3655 Τοῦτο
2920 3601 2978 3655 δὲ
3024 3602 3269 3673 ἐποίησα,
3322 3604 3615 3675 ἐπειδήπερ
3642 3605 3974 3675 ἠπιστάμην,

2425 3694 2506 3745 ὅτι
2553 3694 2660 3754 πᾶς
2710 3691 2999 3763 ἄνθρωπος
3037 3694 3312 3764 ψεύστης·
3345 3694 3531 3766 διόπερ
3586 3691 3831 3764 ἀγωνιῶν
3879 3697 3976 3750 καὶ

2425 3778 2736 3857 φροντίζων,
2791 3781 2866 3851 μὴ
2915 3781 3020 3851 ἄρα
3054 3784 3146 3835 καὶ
3191 3784 3378 3846 αὐτὸς,
3405 3783 3478 3847 ὡς
3528 3784 3806 3857 ἅνθρωπος
3836 3787 3974 3840 ἀπο·-

2419 3854 2727 3942 φηνάμὲνος
2774 3871 2902 3942 περὶ
2932 3873 3166 3942 ὲμαυτοΰ
3199 3873 3289 3925 καὶ
3330 3873 3495 3940 εἰπὼν
3528 3893 3542 3905 ο
3570 3854 3975 3945 Εὖαρεστήσω

2422 3959 2674 4016 ἐνώπιον
2696 3962 2916 4031 Κυρίου
2945 3963 3016 4016 ἐν
3047 3961 3209 4032 χώρᾳ
3251 3961 3491 4030 ζώντων,
3528 3963 3828 4036 ψεύσωμαι·
3853 3968 3974 4022 τού-

2422 4069 2512 4106 του
2540 4053 2694 4123 χάριν
2727 4045 3038 4116 πιστεύσας
3063 4056 3128 4124 τῇ
3184 4051 3448 4125 μελλούσῃ
3496 4052 3605 4124 ζωῇ
3637 4055 3729 4107 καὶ
3771 4058 3840 4125 τῇ
3873 4059 3974 4127 τῆς

2419 4144 2592 4216 ψυχῆς
2619 4145 2935 4209 ἀναπαύσει,
2965 4148 3056 4200 καὶ
3087 4148 3152 4217 τῇ
3181 4144 3332 4216 χώρᾳ
3368 4145 3474 4198 τῶν
3504 4145 3734 4209 ζώντων,
3769 4146 3862 4200 καὶ
3884 4147 3972 4202 διὰ

2419 4234 2511 4288 τοῦ
2564 4236 2845 4290 πιστεῦσαι
2895 4235 3123 4308 λαλήσας
3177 4237 3348 4289 ταῦτα
3400 4235 3567 4302 αὐτὰ,
3626 4237 3712 4290 ἵνα
3764 4239 3970 4310 μήποτε

2397 4323 2634 4379 ’ὲκπέσω
2674 4325 2773 4398 τῆς
2818 4320 3161 4397 ἐπαγγελίας,
3201 4329 3292 4381 καὶ
3342 4327 3557 4398 ψευσθῶ
3598 4329 3696 4400 τῆς
3735 4329 3971 4396 ἐλπίδος,

2416 4416 2746 4470 ὲταπείνωσα
2800 4418 3030 4488 ἐμαυτὸν
3064 4418 3280 4498 σφόδρα.

2497 4507 2636 4576 Ἐγὼ
2681 4507 2748 4560 δὲ
2794 4505 2930 4562 εἶπα
2973 4509 3043 4562 ἐν
3077 4509 3152 4576 τῇ
3199 4510 3477 4563 ἐκστάσει
3511 4527 3639 4579 μου,
3659 4527 3672 4542 ·
3697 4509 3833 4576 ιΠᾶς
3864 4510 3969 4563 ἇν-

779 4597 902 4648 άατ.
922 4594 1054 4649 Nam
1072 4595 1353 4654 ratiocinia
1377 4594 1653 4648 hominum
1670 4595 2016 4674 miserabilia,
2031 4607 2083 4651 et
2105 4597 2320 4656 fallaces
2351 4599 2394 4656 D
2422 4601 2484 4664 θρ

2258 4616 2320 4656 es
2351 4599 2394 4656 D
2422 4601 2647 4664 θρωπος
2678 4599 2963 4666 ψεύστης.
3011 4601 3273 4670 Λογισμοὶ
3308 4599 3415 4671 γὰρ
3444 4599 3740 4670 ἀνθρώπων
3781 4601 3963 4664 δειλοὶ,

779 4688 1131 4760 cogitationes
1183 4693 1383 4741 nostra:
1432 4692 1594 4751 sunt;
1658 4685 1924 4756 siquidem
1974 4691 2322 4758 corruptibile

779 4794 978 4848 corpus
1023 4785 1275 4848 aggravat
1325 4778 1580 4841 animam,
1615 4784 1668 4831 et
1695 4787 1966 4833 terrenum
1999 4779 2322 4835 tabernacu-

780 4873 890 4925 lum
941 4877 1171 4924 mentem
1210 4868 1357 4923 curis
1389 4882 1600 4939 gravem
1628 4879 1855 4924 onerat:
1885 4869 2082 4941 vixque
2106 4877 2319 4926 terrena

779 4962 1082 5029 conjectare
1131 4973 1434 5030 possumus,
1477 4973 1541 5013 ac
1594 4974 1713 5030 qua:
1757 4975 1867 5032 prae
1909 4962 2163 5018 manibus
2196 4971 2320 5018 sunt

778 5070 900 5108 cum
951 5055 1132 5108 labore
1160 5050 1629 5124 deprehendimus.
1658 5050 1909 5110 leestia
1929 5070 2057 5110 vero
2084 5055 2205 5125 quis
2236 5057 2320 5112 in-

778 5142 1094 5213 vestigavit?
1118 5147 1367 5197 Attamen
1391 5155 1619 5212 egonon
1641 5148 1701 5196 ut
1730 5143 1888 5198 homo
1917 5145 2134 5201 locutus
2162 5161 2315 5213 sum;

778 5233 911 5286 alias
943 5234 1083 5286 enim
1121 5233 1373 5288 mentitus
1404 5246 1578 5288 essem
1612 5251 1624 5285 :
1659 5233 1752 5288 sed
1777 5232 1871 5290 Del
1898 5235 2080 5292 verbis
2105 5251 2168 5292 ac
2201 5237 2319 5307 pol-

777 5324 1161 5379 licitationibus
1181 5323 1403 5384 credidi.

857 5413 1009 5468 Vsus.
1030 5414 1114 5469 l7.
1137 5397 1272 5480 Quid
1294 5411 1573 5468 retribuam
1602 5411 1823 5466 Domino
1842 5427 1934 5480 pro
1949 5413 2182 5468 omnibus
2202 5432 2317 5487 qua:

775 5505 1014 5558 retribuit
1059 5502 1223 5558 mihi?
1255 5502 1479 5558 Calicem
1526 5503 1777 5557 salutaris
1819 5504 2090 5571 accipiam,
2124 5515 2172 5559 et
2219 5522 2314 5558 no-

779 5611 893 5664 men
953 5594 1162 5647 Domini
1213 5593 1476 5649 invocabo.
1523 5593 1655 5648 Vota
1694 5610 1808 5647 mea
1850 5593 2072 5650 Domino
2102 5597 2314 5651 reddam

776 5702 954 5739 coram
983 5687 1121 5738 omni
1156 5685 1340 5753 populo
1377 5686 1489 5754 ejus
1517 5703 1533 5739 :
1563 5690 1791 5752 pretiosa
1811 5690 1866 5741 in
1899 5699 2171 5758 conspectu
2209 5687 2311 5741 Do-

778 5778 905 5830 mini
965 5793 1100 5830 mors
1154 5786 1447 5830 sanctarum
1499 5779 1629 5847 ejus.
1665 5779 1709 5834 0
1740 5779 1976 5843 Domine,
2017 5798 2107 5850 ego
2138 5797 2310 5834 servus

776 5877 916 5930 tuus,
943 5883 1030 5938 ego
1068 5883 1240 5922 servus
1263 5879 1380 5922 tuus
1410 5877 1456 5923 et
1494 5870 1635 5939 ﬁlius
1665 5873 1870 5928 ancilla.-
1902 5883 2022 5929 tuaz.
2050 5871 2309 5939 Dirupisti

2423 4688 2517 4741 καὶ
2536 4688 2850 4757 ἐπισφαλεῖς
2878 4691 2934 4741 αἱ
2960 4690 3186 4742 ἐπίνοιαι
3211 4690 3385 4759 ήμῶν.
3411 4691 3649 4760 Φθαρτδν
3679 4691 3788 4761 γὰρ
3808 4691 3966 4762 σῶμα

2424 4779 2640 4852 βαρύνει
2681 4779 2875 4852 ψυχὴν,
2914 4782 3006 4834 καὶ
3046 4779 3216 4850 βρίθει
3261 4781 3320 4832 τὸ
3359 4779 3559 4848 γεῶδες
3603 4782 3796 4853 σκῆνος
3841 4783 3966 4836 νοῦν

2422 4871 2805 4942 πολυφρόντιδα
2840 4888 2854 4903 ·
2887 4873 2980 4925 καὶ
3013 4873 3160 4941 μόλις
3185 4870 3467 4942 εἰκάζομεν
3498 4871 3574 4925 τὰ
3592 4871 3682 4926 ἐπὶ
3709 4872 3807 4943 τῆς
3837 4877 3962 4946 γῆς,

2420 4963 2512 5015 καὶ
2549 4964 2615 5017 τὰ
2647 4965 2703 5016 ἐν
2737 4965 2921 5038 χερσιν
2956 4965 3275 5035 εὑρίσκομεν
3326 4964 3461 5034 μετὰ
3504 4965 3690 5032 πόνου.
3715 4964 3795 5018 Τὰ
3825 4965 3871 5019 δ’
3906 4969 3965 5019 ἐν

2417 5053 2660 5121 οὐρανοῖς
2678 5053 2757 5116 τίς
2781 5052 3104 5122 ὲξιχνίασεν;
3135 5054 3321 5124 Ὅμως
3332 5052 3442 5122 ἐγὼ
3454 5055 3548 5124 οὐχ
3576 5054 3652 5118 ὡς
3680 5053 3962 5124 ἄνθρωπος

2417 5139 2648 5212 ἐλάλησα
2679 5157 2692 5170 '
2722 5140 2755 5211 ἢ
2789 5141 2895 5211 γὰρ
2928 5142 2992 5195 ἂν
3021 5143 3112 5196 καὶ
3140 5142 3449 5214 ἐψευσάμην
3479 5160 3492 5174 ’
3527 5143 3640 5196 ἀλλ’
3668 5143 3963 5197 ἐπίστευσα

2417 5235 2525 5296 τοῖς
2572 5232 2661 5287 τοῦ
2711 5232 2844 5286 Θεοῦ
2894 5232 3098 5303 λόγοις,
3145 5235 3237 5287 καὶ
3293 5237 3411 5296 ταῖς
3465 5235 3557 5289 τοῦ
3604 5233 3736 5287 Θεοῦ
3785 5237 3959 5304 ἑπαγ-

2417 5307 2640 5391 γελίίαις.
3361 5317 3364 5319 λ
3663 5338 3668 5342 ·

2489 5415 2550 5467 Τί
2572 5411 2964 5469 ἀνταποδώσω
2992 5413 3071 5479 τῷ
3092 5415 3282 5484 Κυρίῳ
3295 5415 3424 5484 περὶ
3455 5415 3694 5468 πάντων
3817 5419 3958 5470 ἀντ-

2412 5505 2674 5560 απέδωκέ
2682 5523 2810 5575 μου
2829 5506 3113 5573 Ποτήριον
3131 5507 3233 5560 τοῦ
3245 5509 3536 5577 σωτηρίου
3555 5507 3837 5576 λήψομαι,
3853 5508 3952 5562 καὶ

2411 5599 2476 5651 τὸ
2507 5599 2688 5667 ὄνομα
2721 5599 2938 5667 Κυρίου
2976 5598 3415 5670 ἑπικαλέσομαι.
3475 5599 3584 5665 Τὰς
3628 5597 3954 5668 εὐχάςμου

2411 5687 2488 5754 τῷ
2515 5689 2706 5757 Κυρίῳ
2754 5688 3040 5742 ἀποδώσω
3083 5678 3355 5744 ἐναντίον
3402 5691 3622 5756 παντὸς
3653 5689 3758 5743 τοῦ
3799 5686 3952 5742 λαρῦ

2409 5781 2591 5834 αὑτοῦ
2617 5796 2632 5811 °
2658 5781 2843 5849 τίμιος
2877 5780 3148 5834 ἐναντίον
3197 5785 3414 5851 Κυρίου
3463 5787 3495 5836 ὀ
3540 5781 3787 5844 θάνατος
3835 5776 3951 5831 τῶν

2409 5873 2586 5928 ὁσίων
2619 5871 2822 5930 αὑτοῦ.
2855 5867 2922 5926 Ὦ
2961 5873 3152 5942 Κύριε,
3174 5876 3308 5950 (ἐγὼ
3333 5880 3365 5935 ό
3391 5876 3607 5940 δοῦλος
3656 5875 3786 5937 σὸς,
3834 5865 3891 5941 ἐς
3904 5865 3951 5917 ὼ
