4318 6400
293 516 419 572 1361

1419 513 1917 571 ΟθΜΙΕΝτΔΒΙΛ
1955 513 2020 568 IN
2055 514 2384 571 PSALMOS.

3328 518 3457 574 1363

287 626 504 692 δοῦλος
533 627 638 692 σὸς
699 628 795 680 καί
832 607 959 692 υἰῦς
992 626 1100 695 τῆς
1144 627 1465 696 παιδίσκης
1495 644 1631 683 σου.
1671 628 1826 696 Διέῤ-
1857 635 1902 689 Α
1930 628 1992 680 vi:

1755 628 1826 696 ᾦ-
1857 635 1902 689 Α
1930 627 2132 681 vincula
2162 645 2294 682 mea.
2327 627 2395 682 Se
2427 629 2587 682 lilium
2631 630 2834 684 ancilla
2867 627 3016 692 dicit,
3046 628 3247 683 scilicet
3277 625 3460 681 Eccle-

279 717 470 784 ρηεας
513 717 648 782 τοὺς
686 718 940 786 δεσμούς
965 737 1102 787 μου.
1164 720 1288 772 Υίὸν
1338 721 1619 791 παιδίσκης
1664 722 1823 791 φησὶν

287 807 494 870 ἑαυτὸν,
531 808 629 877 τῆς
673 808 997 877 Ἐκκλησίας.
1025 810 1262 880 Δεσμοὺς
1300 811 1353 863 δὲ
1384 805 1462 874 οἷς
1492 814 1693 883 σειραῖς
1720 811 1824 864 τῶν

286 896 477 949 ἑαυτοῦ
517 898 918 966 ἁμαρτημάτων
972 899 1374 966 κατεσφίγγετο.
1425 901 1824 972 Ἐλευθερωθεὶς

285 983 343 1036 δι
381 983 478 1054 τῆς
511 987 792 1055 ἁμαρτίας,
834 989 922 1039 καὶ
955 989 1064 1049 υἱὸς
1091 989 1186 1057 τῆς
1227 991 1321 1057 σῆς
1365 991 1649 1061 παιδίσκης
1687 991 1826 1058 γινό-

289 1084 444 1142 μενος
471 1078 567 1144 τῆς
603 1075 938 1146 Ἐκκλησίας,
971 1077 1074 1132 τῶν
1117 1078 1389 1146 προτέρων
1433 1079 1622 1149 ἀνέθην
1651 1083 1824 1150 ἀμαρ-

285 1165 536 1234 τημάτων
574 1164 661 1219 διὰ
712 1164 809 1235 τῆς
861 1167 959 1236 σῆς
990 1168 1221 1238 χάριτος.
1283 1170 1380 1222 Σοί
1420 1172 1578 1223 θύσω
1613 1172 1828 1225 θυσίαν

285 1255 584 1321 αἰνέσεως,
618 1258 714 1311 καί
742 1259 810 1311 ἐν
854 1259 1093 1327 ὀνόματι
1128 1261 1343 1327 Κυρίου
1385 1261 1822 1330 ἐπικαλέσομαι.

292 1346 399 1410 Τὰς
423 1347 605 1414 εὐχάς
627 1366 745 1416 μου
770 1349 846 1413 τῷ
872 1353 1061 1419 Κυρίῳ
1080 1351 1364 1404 ἀποδώσω
1393 1351 1667 1406 ἐναντίον
1684 1369 1828 1408 παν-

285 1435 386 1501 τὸς
432 1437 538 1490 τοῦ
573 1439 722 1492 λαοῦ
762 1440 965 1504 αὐτοῦ,
1012 1443 1080 1494 ἐν
1129 1443 1339 1508 αὐλαῖς
1372 1445 1538 1498 οἴκου
1589 1447 1825 1512 Κυρίου,

283 1524 353 1577 ἐν
377 1525 542 1593 μέσῳ
569 1527 1126 1598 σουβίσρουσαλήμ.
1159 1533 1441 1601 Προκοπὴν
1475 1533 1721 1602 σημαίνει
1752 1534 1829 1603 τῷ

283 1615 454 1668 ταῦτα
510 1616 736 1684 λέγοντι,
771 1621 910 1689 φημὶ
937 1621 993 1672 δὲ
1039 1620 1115 1690 τῷ
1152 1621 1208 1684 ἐξ
1240 1622 1404 1690 ἐθνῶν
1435 1623 1563 1692 λαῷ.
1588 1623 1675 1692 Τῷ
1702 1624 1826 1696 γὰρ..

285 1705 385 1758 Sol
418 1706 579 1759 θύσω
607 1708 824 1760 θυσίαν
853 1708 1153 1776 αἰνέσεως,
1193 1711 1285 1763 τοῦ
1319 1710 1560 1781 σώματος
1595 1713 1687 1764 καὶ
1738 1705 1827 1765 τοῦ

223 1819 231 1827 ·
284 1795 529 1864 αἵματος,
557 1797 706 1864 φησι,
732 1796 1120 1867 μεταλήψομαι,
1145 1799 1237 1850 καὶ
1272 1800 1327 1850 ὲν
1350 1802 1413 1869 τῇ
1438 1799 1636 1852 τούτων
1671 1819 1845 1872 μετα--

283 1879 440 1951 λήψει
483 1883 542 1935 τὺ
594 1883 761 1953 δνομά
806 1900 895 1936 σου
935 1885 1343 1955 ἑπικαλέσομαι,
1399 1888 1489 1940 καὶ
1532 1889 1625 1951 τὰς
1664 1891 1826 1957 εὐχα-

1924 717 2034 770 size.
2059 715 2282 772 Vincula
2315 732 2441 773 vero
2468 725 2641 780 erant,
2677 718 2870 787 quibus
2899 731 2994 770 ceu
3038 714 3248 770 catenis
3269 727 3459 782 pecca-

1925 817 2097 862 torum
2151 823 2371 864 suorum
2399 808 2884 877 constringebatur.
2908 806 3188 860 Liberatus
3223 813 3395 858 autem
3426 817 3458 856 a

1924 905 2160 968 peccato,
2182 913 2242 951 ac
2266 899 2405 952 illius
2435 898 2639 951 ancillze
2663 906 2783 963 ture,
2809 897 3057 952 Ecclesia:
3078 895 3304 958 scilicet,
3332 891 3458 948 οσο-

1922 997 2064 1052 ctus,
2098 991 2265 1058 gratia
2295 998 2386 1041 tua
2425 1004 2453 1041 a
2487 988 2727 1057 pristinis
2763 989 2996 1057 peccatis
3037 987 3169 1040 liber
3198 985 3362 1040 evasi.
3388 1012 3459 1024 —

1927 1078 2086 1132 Vens.
2131 1078 2337 1142 18,19.
2382 1078 2496 1131 Tibi
2547 1081 2851 1145 sacriﬁcabo
2906 1079 3125 1132 hostiam
3187 1077 3378 1140 laudis,
3407 1081 3458 1128 et

1923 1185 2106 1223 nomen
2139 1153 2344 1223 Domini
2368 1170 2629 1224 invocabo.
2670 1170 2798 1222 Vota
2842 1187 2953 1223 mea
3005 1169 3215 1221 Domino
3243 1165 3457 1219 reddam

1924 1261 1976 1312 in
2005 1270 2276 1328 conspectu
2316 1261 2482 1312 omnis
2523 1260 2696 1327 populi
2725 1259 2857 1326 ejus,
2885 1261 2938 1310 in
2965 1259 3111 1311 atriis
3133 1258 3312 1310 domus
3346 1257 3455 1312 Do-

1925 1350 2074 1412 mini,
2115 1349 2169 1400 in
2204 1349 2370 1402 medio
2409 1351 2503 1412 tui,
2535 1348 2846 1402 Jerusalem.
2887 1344 3189 1402 Proiectum
3217 1348 3332 1414 ejus
3362 1348 3456 1416 qui

1925 1437 2051 1490 talia
2081 1437 2212 1490 dicit
2248 1437 2533 1506 significat,
2561 1439 2610 1490 id
2642 1449 2743 1502 est,
2779 1438 2956 1506 populi
2980 1453 3042 1491 ex
3067 1439 3328 1503 gentibus.
3354 1435 3457 1491 Per

1928 1524 2057 1577 illud
2083 1524 2223 1576 enim
2260 1544 2270 1577 :
2303 1524 2416 1576 Tibi
2448 1526 2753 1591 sacriﬁcabo
2787 1527 3008 1577 hostiam
3035 1525 3226 1587 laudis,
3247 1525 3454 1591 corpori

1926 1621 1980 1666 et
2029 1612 2276 1681 sanguini
2331 1615 2758 1678 communicabo,
2793 1616 2888 1678 ait,
2919 1622 2970 1668 et
3015 1615 3068 1667 in
3099 1615 3285 1668 borum
3317 1629 3458 1667 com-

1928 1703 2180 1757 munione
2207 1717 2398 1757 nomen
2433 1711 2580 1758 tuum
2613 1705 2888 1766 invocabo,
2925 1720 2986 1758 ac
3021 1713 3140 1760 vota
3169 1707 3457 1776 gratiarum

1929 1794 2155 1850 actionis
2195 1795 2290 1848 tibi
2317 1794 2538 1848 Domino
2569 1796 2713 1850 intus
2737 1797 2788 1848 in
2813 1796 2985 1849 medio
3009 1810 3144 1849 vera:
3165 1793 3456 1848 Jerusalem

1928 1892 1979 1936 et
2011 1885 2065 1937 in
2090 1892 2378 1954 conspectu
2411 1886 2586 1939 omnis
2615 1887 2790 1953 populi
2828 1885 3064 1947 reddam,
3101 1899 3306 1939 necnon
3336 1897 3458 1953 pro-

290 1971 594 2042 ριστηρίους
633 1972 794 2042 εὐχάς
845 1989 924 2025 σοι
965 1973 1042 2042 τῷ
1078 1976 1262 2044 Κυρίῳ
1293 1975 1548 2028 ἀποδώσω
1588 1955 1827 2030 ἔνδον-έν
1863 1955 1901 2012 Β
1933 1975 1995 2026 Ini

1293 1975 1548 2028 ἀποδώσω
1588 1955 1827 2030 ἔνδον-έν
1863 1955 1901 2012 Β
1933 1973 2233 2037 missiones,
2260 1990 2395 2043 quas
2428 1975 2713 2042 aliquando
2742 1973 2987 2028 feceram.

289 2061 435 2130 μέσῳ
459 2061 559 2130 τῆς
584 2062 808 2132 ἀληθοῦς
845 2064 1210 2133 Ἰερουσαλὴμ,
1244 2067 1336 2118 καὶ
1367 2067 1600 2118 ἐναντίον
1634 2070 1829 2132 παντὲς

285 2148 376 2201 τοῦ
398 2147 548 2214 λαοῦ,
591 2149 684 2202 καὶ
712 2149 811 2212 τὰς
847 2151 1170 2243 ἐπαγιγελίας
1203 2153 1266 2215 ἇς
1303 2171 1429 2205 ποτε
1474 2156 1822 2224 ἐποιησάμην.

749 2260 1158 2315 manans.
1207 2263 1366 2328 qu'.

353 2345 576 2400 Αἰνεῖτε
618 2347 724 2401 τὸν
756 2349 989 2416 Κύριον,
1038 2351 1232 2404 πάντα
1276 2354 1353 2430 eis
1389 2353 1551 2419 ἔθνη,
1597 2354 1826 2406 ἐπαινέ-

285 2444 432 2500 σαιτε
457 2435 658 2500 αὐτὸν,
714 2437 932 2504 πάντες
962 2443 1012 2492 οἰ
1039 2441 1174 2493 λαοί
1199 2459 1210 2471 ·
1237 2440 1324 2494 ὅτι
1369 2442 1720 2510 ἐκραταιώθη
1764 2446 1826 2495 τὸ

285 2522 454 2590 ἕλεος
489 2527 671 2580 αὐτοῦ
724 2527 815 2595 ἐφ’
845 2527 1020 2597 ἡμᾶς,
1061 2531 1157 2582 καί
1215 2531 1252 2596 ἠ
1286 2530 1531 2595 ἀλήθεια
1573 2533 1675 2585 τοῦ
1711 2537 1826 2586 Κυ-

278 2615 413 2683 ρίου
433 2614 596 2683 μένει
627 2617 838 2680 aleator
872 2615 1072 2671 αἰῶνα.
1108 2619 1470 2673 ’Δνακαλεῖται
1499 2621 1672 2673 τοίνυν
1691 2625 1718 2675 ὁ
1745 2622 1827 2675 λό-

286 2721 379 2771 γος
409 2707 499 2758 ἐπὶ
541 2706 630 2758 τὸν
657 2705 820 2776 ὕμνον
851 2707 942 2760 τοῦ
981 2707 1114 2760 Θεοῦ
1147 2709 1321 2762 πάντα
1349 2711 1415 2764 τά
1445 2705 1695 2784 ἀλλογενῆ
1738 2718 1829 2768 καὶ

286 2793 548 2861 ἀλλόφυλα
581 2793 705 2864 ἔθνη
741 2811 756 2826 ⁸
791 2791 907 2849 εἶτα
933 2783 1340 2864 ἀποδιαστείλας
1373 2803 1476 2854 τῶν
1508 2783 1826 2868 ὲθνῶνντοὺς

287 2883 446 2946 λαοὺς
498 2885 732 2954 ἐπιλέγει
764 2903 779 2920 ο
818 2889 1334 2945 Ἐπαινεσάτωσαν
1377 2895 1559 2947 αὐτὸν
1611 2896 1827 2962 πάντες

288 2977 342 3028 οἰ
370 2974 524 3028 Jaol.
547 2975 773 3046 Νοήσεις
803 2977 857 3030 δὲ
881 2978 976 3049 τὴν
998 2979 1254 3049 διαφορὰν
1281 2983 1573 3053 ἐπιστήσας
1601 2989 1665 3054 τῇ
1700 3003 1828 3056 προ-

289 3063 482 3134 φητείᾳ
520 3067 583 3134 τῇ
638 3066 863 3138 λεγούσῃ
912 3067 1060 3138 παρὰ
1107 3068 1182 3137 τῷ
1227 3072 1493 3140 Ζαχαρία·
1528 3073 1698 3140 Χαῖρε
1729 3075 1825 3126 καί

288 3155 625 3221 εὐφραίνου,
647 3158 890 3225 θύγατερ
918 3158 1067 3211 Σιών
1090 3175 1104 3188 ο
1136 3157 1260 3212 ίδσὺ
1301 3159 1413 3228 ἐγὼ
1439 3160 1686 3234 ἔρχομαι
1729 3164 1824 3216 καί

2301 2323 2313 2334 .
2411 2254 2762 2310 ALLELUIA.
2800 2253 2980 2309 cxvn.

1998 2343 2158 2400 Vsus.
2189 2347 2238 2408 Ι,
2265 2345 2316 2397 2.
2339 2344 2572 2400 Laudate
2604 2347 2899 2412 Dominum,
2928 2360 3099 2399 omnes
3124 2353 3312 2413 gentes,
3343 2347 3458 2396 lau-

1926 2435 2044 2488 date
2063 2452 2199 2500 eum,
2221 2454 2392 2490 omnes
2411 2439 2866 2507 populi:quoniam
2887 2436 3194 2503 conﬁrmata
3218 2445 3290 2488 est
3309 2450 3458 2502 super

1927 2542 2018 2578 nos
2072 2527 2427 2580 misericordia
2452 2528 2582 2592 eius,
2627 2537 2674 2581 et
2720 2529 2905 2580 ueritas
2958 2526 3162 2579 Domini
3196 2535 3362 2577 manet
3402 2526 3458 2576 in

1927 2625 2192 2670 wternum.
2221 2616 2318 2671 Hic
2349 2617 2526 2686 itaque
2557 2633 2732 2672 sermo
2762 2625 2946 2686 gentes
2980 2630 3164 2669 omnes
3208 2615 3458 2682 alienige-

1927 2723 2025 2762 nas
2052 2715 2104 2764 et
2133 2709 2439 2777 peregrinas
2467 2709 2531 2760 ad
2565 2708 2769 2761 laudem
2799 2706 2892 2760 Dei
2933 2712 3216 2776 provocat;
3246 2704 3460 2757 deinde-

1926 2814 2029 2868 que
2079 2814 2108 2851 a
2151 2798 2397 2868 gentibus
2439 2798 2662 2867 populos
2691 2797 3025 2865 distinguens
3069 2795 3142 2847 ait
3179 2813 3192 2848 :
3225 2793 3458 2846 Laudent

1926 2906 2040 2942 eum
2085 2905 2256 2942 omnes
2296 2889 2491 2956 populi.
2535 2887 2829 2941 Discrimen
2876 2895 3049 2938 autem
3101 2885 3380 2951 intelliges.
3412 2884 3458 2936 si

1929 2978 2217 3034 attenderis
2240 2977 2526 3046 prophetia:
2544 2976 2680 3045 apud
2700 2974 3008 3028 Zachariam
3027 2972 3225 3026 dicenti
3247 2990 3258 3023 ε
3280 2969 3458 3023 Gaude

1925 3082 1971 3124 et
2015 3069 2238 3132 exsulta,
2271 3069 2383 3136 [ilia
2415 3067 2709 3121 Sion:ecce
2748 3083 2837 3135 ego
2876 3066 3018 3119 uenio
3057 3074 3101 3116 et
3136 3060 3374 3114 habitabo
3403 3062 3458 3112 in

1928 3157 2092 3212 medio
2121 3159 2216 3222 tui,
2259 3151 2384 3210 dicit
2415 3157 2684 3210 Dominus.
2717 3154 2784 3206 Et
2815 3153 3102 3221 confugient
3128 3159 3295 3220 gentes
3322 3149 3456 3200 ntul-

295 3244 725 3311 wtaaxrmbo'w
753 3246 821 3297 ὲν
857 3245 1016 3314 μέσῳ
1058 3263 1193 3312 σου,
1249 3249 1405 3316 λέγει
1442 3252 1668 3318 Κύριος.
1717 3255 1828 3330 Καὶ
1853 3267 1896 3324 c
1929 3259 1992 3302 ta:

1747 3255 1828 3330 (at
1853 3267 1896 3324 ο
1929 3259 1992 3302 ιω
2016 3248 2084 3300 ad
2117 3247 2409 3311 Dominum,
2432 3258 2478 3301 et
2501 3257 2647 3300 erunt
2669 3249 2713 3300 ei
2731 3247 2781 3298 in
2797 3245 3059 3312 populum,
3087 3251 3135 3296 et
3162 3258 3251 3311 ego
3274 3257 3359 3330 ero
3380 3239 3452 3292 οἷς

304 3333 747 3401 ιαταφεύξονται
788 3335 928 3403 ἔθνη
962 3339 1159 3391 πολλὰ
1188 3339 1282 3392 ἐκ)
1312 3340 1415 3393 τὸν
1450 3343 1684 3408 Κύριον,
1726 3344 1823 3397 καί

292 3421 529 3476 ,ἔσονται
558 3422 715 3487 αὐτῷ
745 3427 829 3490 εἰς
855 3427 1022 3491 λαὸν,
1051 3427 1208 3496 κάγὼ
1243 3429 1452 3497 ἔσομαι
1505 3431 1706 3497 αὐτοῖς
1739 3435 1824 3498 εἰς

296 3512 456 3564 Θεόν.
516 3512 660 3574 Τέως
695 3515 789 3582 μὲν
828 3515 933 3584 γὰρ
970 3517 1093 3586 ἔθνη
1123 3517 1470 3585 τυγχάνοντα,
1527 3519 1676 3574 οὔπω
1702 3523 1826 3586 λαὸς

291 3596 357 3670 ἦν
398 3599 579 3661 αὑτοῦ,
618 3601 977 3669 μεταϐαλόντα
1009 3603 1064 3655 δὲ
1114 3604 1206 3658 τοῦ
1242 3605 1500 3676 προτέρου
1555 3607 1687 3676 βίου,
1734 3613 1826 3663 καὶ

295 3688 622 3758 μετασχόντα
670 3689 778 3742 τῶν
826 3690 916 3743 τοῦ
980 3691 1111 3744 Θεοῦ
1155 3694 1460 3764 μυστηρίων
1499 3695 1567 3756 διτ
1605 3696 1826 3765 ἀναγεν-

291 3779 493 3846 νήσεως
522 3780 620 3830 καὶ
646 3779 865 3849 λουτροῦ
900 3782 1345 3850 παλιγγενεσίας,
1386 3785 1620 3853 γίνονται
1664 3789 1823 3842 αὐτοῦ

291 3865 423 3918 λαοί.
463 3867 525 3920 Ὃ
558 3868 621 3938 δὴ
653 3869 814 3921 εἰσέτι
847 3871 936 3922 καὶ
968 3871 1060 3923 νῦν
1094 3872 1383 3942 πληροῦται
1421 3875 1540 3926 καθ’
1574 3875 1698 3944 ὅλης
1731 3878 1826 3947 τῆς

291 3955 395 4008 τῶν
421 3956 714 4028 ἀνθρώπιον
742 3960 1073 4029 οἰκουμένης,
1111 3961 1440 4030 μυριάνδρων
1471 3962 1610 4016 λαῶν
1641 3965 1825 4036 ὥσπερ

291 4043 426 4096 ια’τά
454 4046 640 4114 χοροὺς
671 4047 960 4115 ἱσταμένων
989 4048 1078 4098 καὶ
1109 4048 1196 4098 τὸν
1236 4050 1360 4118 παρ’
1404 4051 1666 4119 Ἐσραίοις
1688 4071 1818 4123 προ-

291 4133 476 4200 φυτῶν
505 4135 635 4188 Θεὸν
667 4135 988 4204 ὑμνούντων,
1019 4139 1109 4188 καὶ
1144 4137 1209 4190 τά
1241 4141 1375 4191 αὐτὰ
1407 4143 1818 4211 ἀναγνώσματα,

295 4223 585 4292 μαθήματά
630 4239 688 4274 τε
742 4224 836 4276 καὶ
885 4224 1120 4293 δόγματα
1170 4227 1578 4295 διδασκομένων.
1642 4230 1820 4298 Ταῦτα

1928 3341 1980 3392 in
2032 3339 2241 3392 Deum'.
2278 3339 2522 3404 Quandlu
2583 3339 2721 3392 enim
2773 3343 2956 3405 gentes
3009 3341 3180 3393 erant,
3215 3329 3455 3385 nondum

1926 3434 2076 3482 erant
2123 3427 2349 3496 p0pulus
2376 3428 2526 3494 ejus;
2555 3441 2583 3478 a
2616 3425 2778 3494 priori
2812 3433 2988 3475 autem
3023 3422 3130 3473 vita
3162 3432 3452 3482 conversae,

1926 3531 1989 3571 ac
2042 3531 2137 3585 per
2182 3518 2450 3569 lavacrum
2495 3514 2914 3584 regenerationis
2954 3509 3327 3579 mysteriorum
3363 3507 3454 3561 Dei

1926 3605 2215 3675 participes
2267 3603 2486 3668 effectae,
2525 3603 2645 3670 ejus
2693 3600 2872 3672 p0pu‘li
2907 3598 3156 3655 evadunt.
3188 3595 3340 3661 Quod
3385 3595 3452 3648 ad

1923 3695 2062 3747 hanc
2112 3709 2281 3761 usque
2323 3694 2461 3748 diem
2493 3707 2586 3760 per
2623 3693 2932 3745 universum
2963 3689 3146 3741 orbem
3179 3684 3450 3754 impletur,

1919 3797 2040 3836 cum
2071 3783 2259 3836 inﬁniti
2293 3782 2494 3852 populi,
2523 3781 2675 3850 quasi
2696 3781 2750 3835 in
2781 3781 2947 3835 choro
2972 3777 3262 3840 distributi,
3285 3774 3452 3829 Deum

1920 3878 2320 3945 prophetarum,
2368 3875 2460 3944 qui
2517 3889 2681 3943 penes
2729 3873 2977 3928 Hebraeos
3024 3879 3197 3934 erant,
3243 3868 3454 3938 hymnis

1919 3967 2207 4028 celebrent,
2264 3976 2422 4033 atque
2472 3963 2686 4019 easdem
2727 3964 3004 4025 lectiones,
3050 3959 3358 4029 disciplinas
3398 3967 3454 4009 et

1922 4058 2170 4126 dogmata
2215 4056 2559 4110 edoceantur.
2593 4053 2715 4108 ﬂare
2745 4055 2924 4123 igitur,
2959 4067 3075 4121 quae
3121 4045 3250 4117 ipsis
3281 4047 3452 4100 oculis

1923 4147 2306 4214 conspicimus,
2336 4161 2441 4198 non
2465 4146 2639 4210 aliter,
2667 4159 2824 4214 quam
2851 4157 2946 4211 per
2970 4141 3136 4196 solam
3161 4137 3454 4192 Salvatoris

1923 4236 2174 4290 virtutem
2204 4235 2258 4288 in
2297 4243 2408 4289 toto
2434 4235 2669 4304 gentium
2697 4234 2828 4287 orbe
2849 4233 3137 4286 constituta
3159 4236 3310 4310 οσιπι.

292 4310 419 4378 γοῦν
460 4312 750 4383 ὀφθαλμοῖς
779 4314 1054 4386 όρώμενα,
1094 4319 1190 4370 οὐκ
1233 4316 1402 4381 ἄλλως
1439 4318 1472 4388 η
1523 4320 1608 4372 διὰ
1663 4321 1825 4391 μόνης
1871 4324 1968 4394 τῆς
2011 4326 2272 4396 σωτηρίου
2321 4326 2595 4380 δυνάμεως
2649 4322 2764 4374 καθ’
2800 4322 2924 4391 ὅλης
2953 4320 3174 4389 συνέστη
3204 4321 3299 4388 τῆς
3349 4316 3452 4369 τῶν

291 4398 456 4454 ιθνῶν
483 4401 816 4471 οἰκουμένης.

769 4512 1178 4568 ΔΛΛΗΛΟΥΙΔ.
1219 4517 1357 4570 PlZ’.

373 4601 844 4672 Ἐξομολοτεῖσθε
879 4603 957 4669 τῷ
1000 4606 1211 4672 Κυρίῳ,
1254 4605 1339 4659 ὅτι
1362 4607 1596 4674 ἀγαθὸς,
1626 4608 1712 4660 ὅτι
1735 4611 1820 4676 εἰς

289 4691 395 4745 τὸν
423 4692 606 4746 αἰῶνα
639 4691 713 4747 τό
741 4695 910 4760 ἕλεος
955 4696 1161 4749 αὑτοῦ.
1195 4695 1424 4748 Eludet.)
1463 4697 1537 4763 δὴ
1584 4701 1616 4750 ό
1659 4697 1823 4765 οἰκος

302 4780 554 4846 Ἰσραὴλ,
588 4781 674 4834 ὅτι
696 4783 930 4851 ἀγαθὸς,
969 4785 1056 4836 ὅτι
1088 4786 1177 4848 είς
1215 4784 1319 4836 τὸν
1342 4783 1521 4837 αιῶνα
1549 4787 1612 4839 τὸ
1651 4789 1822 4855 ἔλεος

287 4869 504 4923 αὐτοῦ’
529 4870 742 4923 εἰπάτω
776 4873 850 4938 δὴ
878 4869 1037 4938 οἷκος
1078 4872 1304 4940 Ἀαρὼν,
1337 4874 1422 4926 ὅτι
1455 4873 1708 4944 ἀγαθὸς,
1732 4879 1822 4932 ὅτι

289 4959 376 5022 εἰς
418 4957 523 5011 τὸν
552 4956 731 5010 αιῶνα
773 4959 839 5010 τὸ
883 4959 1049 5023 ἕλεος
1106 4961 1305 5013 αὐτοῦ.
1350 4963 1698 5016 Εἰπάτωσαν
1743 4963 1819 5034 δὴ

291 5045 507 5112 πάντες
526 5050 578 5100 οἰ
608 5048 952 5115 φοϐούμενοι
980 5049 1082 5102 τὸν
1106 5050 1338 5116 Κύριον,
1365 5051 1448 5104 ὅτι
1473 5053 1708 5119 ἀγαθὸς,
1731 5054 1818 5106 ὅτι

289 5137 375 5200 εις
401 5133 506 5188 τὸν
539 5133 719 5188 αἰῶνα
752 5136 816 5187 τὸ
853 5136 1021 5200 ἕλεος
1055 5138 1256 5190 αὐτοῦ.
1289 5139 1395 5191 Καὶ
1434 5141 1490 5192 ἐν
1535 5143 1643 5203 τοῖς
1685 5158 1816 5211 προ-

292 5223 578 5292 κειμένοις,
617 5224 714 5293 τῆς
752 5224 1105 5294 εὐαγγελικῆς
1138 5227 1354 5297 χάριτος
1405 5229 1495 5280 ἐπὶ
1537 5231 1706 5284 πάντα
1750 5231 1818 5284 τὰ

290 5313 414 5382 ῑθνη
442 5316 710 5386 χυθείσης,
745 5307 818 5368 ὧν
837 5317 1001 5369 ἐθνῶν
1027 5319 1184 5388 μέρος
1225 5337 1276 5370 τι
1302 5315 1367 5388 ἦν
1395 5321 1485 5373 καὶ
1509 5323 1538 5373 ό
1566 5323 1630 5374 ἐκ
1663 5339 1813 5393 περι-

290 5403 458 5472 τομῆς
485 5405 629 5468 λαὸς,
660 5408 750 5458 καὶ
785 5405 945 5476 μέρος
983 5408 1042 5460 τὸ
1081 5408 1392 5478 πρώτιστον,
1422 5411 1639 5475 εἰκότως
1667 5413 1812 5482 πρώ-

289 5509 412 5555 τους
440 5494 630 5557 αὐτοὺς
667 5497 696 5546 ό
742 5496 892 5564 λόγος
943 5498 1030 5549 ἐπὶ
1075 5500 1171 5567 τὴν
1210 5499 1586 5569 ἐξομολόγησιν
1625 5502 1807 5556 καλεῖ·

290 5584 476 5638 ιπειτα
502 5586 622 5645 τοὺς
650 5586 708 5648 ἐξ
723 5586 884 5639 ἐθνῶν
903 5588 1356 5657 προσεληλυθότας
1385 5590 1459 5659 τῷ
1482 5591 1807 5662 Εὑαγγελίῳ,

293 5671 433 5728 κατά
463 5671 549 5725 τό·
597 5673 845 5740 Ἰουδαίῳ
872 5694 933 5731 τε
979 5677 1204 5744 πρῶτον
1240 5680 1332 5732 καί
1361 5681 1618 5748 Έλληνι.
1658 5682 1718 5740 Et
1756 5683 1809 5734 δέ

367 5827 388 5856 ⁸
419 5824 577 5881 lacis.
614 5842 680 5892 It,
719 5827 819 5894 10,
850 5830 934 5887 Η.
1009 5829 1030 5860 ⁸
1067 5829 1219 5884 Rom.
1261 5844 1310 5895 ι,
1347 5831 1438 5884 ιδ.

1848 4533 1899 4590 D

2387 4512 2738 4568 ALLELUIA.
2776 4511 2978 4566 CXVII.

1983 4605 2146 4660 Vna.
2192 4605 2303 4659 1-4.
2348 4603 2676 4672 Conﬁtemini
2717 4602 2934 4655 Domino
2970 4618 3213 4670 quoniam
3265 4601 3447 4663 bonus,

1913 4697 2156 4766 quoniam
2187 4696 2240 4748 in
2267 4693 2512 4748 scculum
2552 4691 2908 4744 misericordia
2947 4691 3078 4759 ejus.
3122 4690 3271 4742 Dicat
3315 4707 3448 4744 nunc

1915 4785 2098 4838 domus
2134 4782 2302 4836 Israel
2345 4781 2586 4848 quoniam
2622 4779 2804 4840 bonus,
2835 4779 3076 4847 quoniam
3107 4779 3159 4828 in
3200 4777 3445 4829 sa'culum

1916 4873 2270 4930 misericordia
2292 4871 2424 4940 ejus.
2447 4870 2598 4923 Dicat
2630 4887 2762 4922 nunc
2786 4869 2969 4924 domus
2996 4869 3170 4920 Aaron
3203 4867 3444 4933 quoniam

1917 4966 2100 5025 bonus.
2129 4963 2372 5032 quoniam
2413 4962 2466 5013 in
2495 4946 2741 5014 sarculum
2769 4946 3122 5013 misericor'dia
3174 4947 3303 5021 ejus.
3351 4954 3445 5007 Di-

1915 5064 2036 5108 cant
2057 5066 2372 5106 nuncomnes
2391 5050 2479 5119 eui
2501 5050 2678 5103 timent
2695 5049 2967 5102 Dominum
2987 5047 3226 5114 quoniam
3259 5045 3440 5109 bonus,

1914 5145 2155 5215 quoniam
2172 5143 2225 5195 in
2246 5141 2489 5194 secutum
2511 5137 2863 5194 misericordia
2878 5137 3008 5205 ejus.
3025 5137 3083 5189 In
3106 5137 3188 5190 bis
3210 5150 3440 5205 quoque,

1913 5232 2080 5288 eﬂ'usa
2119 5232 2171 5283 in
2212 5245 2399 5285 omnes
2427 5238 2612 5300 gentes
2653 5228 2958 5296 evangelica
2989 5225 3181 5296 gratia,
3215 5238 3448 5293 quarum-

1914 5323 2150 5392 gentium
2188 5334 2318 5388 pars
2335 5319 2536 5388 aliqua,
2562 5317 2668 5373 imo
2693 5331 2816 5385 pars
2845 5315 3035 5384 prima,
3061 5324 3177 5367 erat
3215 5312 3440 5381 pepulus

1911 5428 1976 5466 ex
2003 5412 2446 5476 circumcisione,
2469 5410 2659 5463 merito
2699 5405 2909 5460 Iudaeos
2953 5405 3018 5459 ad
3048 5403 3441 5457 confessionem
3494 5399 3506 5414 '

1913 5505 2114 5574 primos
2144 5518 2319 5557 sermo
2368 5511 2552 5556 evocat
2580 5519 2590 5552 :
2623 5499 2915 5566 deindeque
2939 5512 3033 5552 eos
3065 5511 3128 5550 ex
3170 5493 3453 5563 gentlbus,_

1912 5595 2002 5663 qui
2043 5593 2109 5646 ad
2165 5592 2506 5662 Evangelium
2558 5597 2911 5649 accesserant.
2951 5586 3239 5642 secundum
3269 5583 3433 5637 illud:

1911 5683 2096 5737 Iudaeo
2126 5683 2349 5751 primum
2376 5692 2428 5734 et
2455 5681 2630 5735 Gra‘co
2647 5679 2686 5731 °.
2742 5677 2797 5733 Si
2829 5679 2950 5748 quis
2987 5684 3160 5731 autem
3189 5682 3437 5730 accurate
