4318 6408
846 516 867 568 1
880 513 978 567 563

1495 506 1761 562 EUSEBH
1799 504 2270 561 CESARIENSIS
2295 503 2444 560 OPP.
2482 500 2658 557 PARS
2694 501 2783 559 Ill.
2820 532 2889 541 —
2922 499 3324 579 EXEGETICA.

3808 526 3812 533 ν
3900 494 4036 553 1564

842 639 957 678 rem
995 620 1399 684 examinaverit,
1438 620 1601 673 etiam
1636 634 1739 689 pro
1775 618 2007 675 adventu
2059 617 2261 673 Christi
2296 616 2390 671 Ju-
2418 622 2461 674 Α

2418 622 2461 674 Α
2487 632 2570 677 τις
2598 613 2839 684 ἀκριϐῶς
2871 611 3161 676 ἐξετάσειε,
3195 610 3288 663 καὶ
3319 608 3459 680 ὑπὲρ
3486 609 3584 679 τῆς
3616 588 3914 679 παρουσίας
3943 608 4037 663 αὐ-

843 717 989 768 άιεοε
1026 712 1079 764 in
1134 710 1318 779 primis
1357 707 1559 777 gratias
1590 721 1747 775 agere
1772 702 1948 775 decet.
2014 703 2146 758 Nam
2177 702 2389 759 etiamsi

844 803 1067 856 adversa
1093 800 1201 855 sint
1226 797 1489 869 perpessi,
1524 805 1578 871 at
1604 813 1709 851 non
1736 798 1805 852 ab
1823 812 1888 852 eo
1909 798 2011 866 'qui
2042 797 2096 849 in
2130 794 2387 848 mundum

843 890 1025 956 venit;
1074 889 1169 944 sed
1198 887 1394 957 ingrati
1440 887 1603 941 animi
1638 900 1825 954 pmnas
1858 886 2093 941 luerunt.
2136 883 2270 936 Nam
2301 882 2390 936 ille

844 980 1058 1053 quidem
1095 979 1162 1033 ad
1206 978 1353 1048 ipsos
1386 977 1775 1047 peregrinatus,
1808 976 2115 1045 frequenter
2140 973 2383 1028 dicebat:

846 1070 967 1123 Non
987 1071 1098 1123 ueni
1126 1069 1227 1122 nisi
1252 1066 1319 1121 ad
1341 1084 1452 1121 oves
1481 1084 1596 1135 qua:
1622 1068 1887 1134 perierunt
1909 1066 2092 1117 domus
2119 1062 2291 1117 Israel
2317 1064 2334 1091 "
2372 1083 2383 1117 :

844 1161 986 1237 quod
1022 1162 1069 1217 si
1111 1160 1216 1214 hoc
1246 1159 1507 1214 beneﬁcio
1565 1158 1770 1228 indigni
1800 1166 1927 1211 sunt
1964 1155 2152 1218 habiti,
2186 1155 2240 1209 id
2273 1155 2387 1210 suis

841 1251 1220 1323 iniquitatibus
1263 1258 1316 1304 et
1371 1250 1580 1320 ingrato
1633 1248 1859 1303 nimium
1905 1247 2083 1301 animo
2138 1261 2235 1301 suo
2286 1246 2387 1298 im—

844 1350 1054 1412 putent.
1436 1362 1441 1367 ι

910 1432 1074 1489 Vana.
1107 1431 1255 1486 5-15.
1310 1430 1379 1484 De
1406 1428 1738 1482 tribulatione
1755 1429 1989 1482 invocavi
2021 1426 2317 1489 Dominum,
2340 1437 2386 1479 et

768 1532 769 1535 ‘
839 1524 1104 1578 exaudiuit
1132 1539 1210 1576 me
1241 1524 1295 1577 in
1322 1522 1619 1576 latitudine.
1648 1520 1898 1574 Dominus
1924 1518 2050 1572 mihi
2079 1518 2310 1584 adiutor,
2337 1527 2386 1571 et

839 1632 943 1669 non
976 1615 1161 1668 timebo
1207 1614 1330 1683 quid
1374 1614 1538 1682 faciat
1586 1612 1712 1665 milii
1749 1611 1921 1665 homo.
1974 1610 2227 1664 Dominus
2260 1610 2387 1663 mihi

840 1705 1073 1775 adjutor,
1096 1715 1145 1760 et
1162 1721 1264 1774 ego
1286 1703 1568 1773 despiciam
1597 1701 1833 1755 inimicos
1859 1717 2017 1754 meos.
2072 1702 2275 1754 Bonum
2308 1710 2386 1754 est

839 1797 1098 1866 conﬁdere
1150 1798 1206 1849 in
1250 1795 1494 1856 Domino,
1553 1809 1708 1862 quam
1751 1792 2008 1862 conﬁdere
2063 1794 2117 1845 in
2160 1792 2381 1845 homine.

838 1886 1044 1940 Bonum
1065 1897 1141 1940 est
1165 1901 1374 1954 sperare
1401 1885 1455 1936 in
1480 1882 1728 1945 Domino,
1750 1898 1905 1952 quam
1932 1897 2137 1950 sperare
2157 1883 2210 1934 in
2235 1882 2379 1949 prin-

2489 708 2585 777 τῆς
2617 707 2709 760 τοῦ
2730 704 2960 776 Χριστοῦ
2987 704 3214 774 μάλιστα
3240 704 3364 765 τοὺς
3400 701 3677 764 Ἰουδαίους
3702 701 4036 771 εὐχαριστεῖν

2486 796 2583 850 δεῖ.
2616 798 2679 849 Εἰ
2703 796 2808 867 γὰρ
2836 795 2929 847 καὶ
2958 794 3025 847 τὰ
3065 792 3280 846 ἐναντία
3319 789 3630 863 ὑπέμειναν,
3663 790 3775 844 ἀλλ’
3805 791 3865 843 οὐ
3889 791 4037 863 παρὰ

2483 886 2576 938 τὸν
2620 886 3077 957 παραγενόμενον,
3122 883 3255 937 ἀλλὰ
3285 882 3434 952 παρὰ
3472 882 3569 953 τὴν
3611 882 3813 935 οἰκείαν
3862 883 4034 949 ἀγνω-

2488 976 2740 1047 μοσύνην.
2795 977 2965 1040 Αὐτὸς
3021 976 3117 1046 μὲν
3167 975 3273 1043 γὰρ
3318 973 3449 1043 πρὸς
3496 974 3689 1037 αὐτοὺς
3726 974 4031 1041 ἀφικνεῖτο,

2487 1068 2579 1121 καὶ
2604 1066 2841 1135 συνεχῶς
2885 1066 3065 1133 ἔλεγεν
3085 1083 3097 1094 ·
3126 1068 3247 1119 Οὐκ
3281 1061 3469 1133 ἦλθον
3507 1064 3641 1118 ἀλλ’
3668 1065 3752 1129 είς
3788 1064 3859 1118 τὰ
3892 1066 4033 1130 πρό-

2485 1161 2631 1212 ϐατα
2661 1158 2731 1231 {de
2770 1158 3122 1211 ἀπολωλότα
3153 1158 3317 1210 οἴκου
3361 1156 3625 1225 Ἰσραήλ·
3660 1143 3712 1208 εί
3747 1157 3802 1209 δὲ
3831 1155 4032 1221 ἀνάξιοι

2483 1248 2581 1318 τῆς
2609 1247 2923 1317 εὐεργεσίας
2948 1248 3243 1318 ἐφάνησαν,
3265 1248 3383 1309 ταῖς
3408 1247 3610 1301 ἑαυτῶν
3641 1244 4033 1313 λογιζέσθωσαν

2486 1339 2848 1407 παρανομίαις
2875 1338 2967 1390 καὶ
2998 1340 3063 1407 τῇ
3095 1338 3191 1406 τῆς
3222 1336 3608 1408 ἀγνωμοσύνης
3639 1335 3926 1407 ὑπερδολῇ.

2566 1429 2657 1479 Ἐκ
2699 1425 2958 1495 θλίψεως
3000 1426 3597 1495 ἐπεκαλεσὰμηνντὸν
3640 1429 3894 1495 Κύριον,

2482 1517 2786 1583 ἐπήκουσὲ
2822 1536 2938 1586 μου
2973 1521 3058 1583 εὶς
3083 1521 3456 1587 πλατυσμόν.
3483 1520 3695 1585 Κύριος
3725 1520 3853 1586 ἐμοὶ
3879 1520 4034 1587 ,ϐοη-

2484 1607 2605 1672 θὸς,
2639 1607 2733 1659 καὶ
2760 1610 2831 1659 οὑ
2856 1607 3262 1676 φοϐηθήσομαι
3306 1608 3634 1675 τείποιήσει
3675 1626 3770 1676 μοι
3812 1608 4032 1676 ἅνθρω-

2484 1713 2613 1763 πος.
2644 1701 2859 1766 Κύριος
2907 1698 3035 1767 ἐμοὶ
3060 1698 3311 1766 βοηθὸς,
3356 1688 3513 1767 κάγὼ
3565 1700 3858 1769 ἐπόψομαι
3895 1699 4034 1765 τοὺς

2481 1789 2730 1855 ἐχθρούς
2768 1806 2907 1856 μου.
2970 1789 3217 1857 Ἀγαθὸν
3260 1789 3599 1843 πεποιθέναι
3639 1791 3738 1844 ἐπὶ
3782 1792 4065 1858 Κύριον,’

2482 1876 2539 1945 ἦ·
2571 1878 2909 1931 πεποιθέναι
2954 1878 3044 1930 ἐπ’
3095 1878 3436 1945 ἅνθρωπονο
3489 1879 3714 1948 ἀγαθὸν
3776 1878 4036 1941 ἐλπίζειν

840 1977 1058 2044 cipibus.
1095 1974 1283 2031 Omnes
1305 1984 1475 2045 gentes
1509 1974 1819 2027 circuierunt
1846 1946 2018 2037 me,vet
2041 1946 2245 2025 nomine
2270 1971 2381 2024 Do-
2411 1946 2452 2001 Β

2411 1946 2452 2001 Β
2480 1969 2576 2021 ἐπὶ
2606 1970 2847 2035 Κύριον,
2886 1968 2926 2036 ἢ
2958 1967 3217 2029 ἐλπίζειν
3255 1970 3347 2022 ἐπ’
3382 1946 3653 2038 ἄρχουσι.
3714 1970 3915 2024 Πάντα
3961 1970 4035 2025 τὰ

838 2070 969 2122 mini
1011 2069 1152 2122 ultus
1194 2083 1307 2122 sum
1340 2082 1446 2119 eos.
1498 2063 1893 2119 Circumdantes
1938 2062 2382 2116 circumdederunt

838 2176 938 2222 me,
963 2169 1012 2229 et
1049 2159 1253 2212 nomine
1298 2156 1502 2211 Domini
1528 2154 1671 2209 ultus
1716 2144 1965 2209 sumieos.
2018 2150 2382 2206 Circumdede-

837 2261 959 2305 runt
987 2267 1065 2304 me
1095 2251 1229 2305 sicut
1260 2264 1379 2317 apes
1418 2248 1615 2316 favum,
1658 2257 1707 2300 et
1752 2254 2055 2299 exarserunt
2084 2246 2214 2296 sicut
2246 2244 2379 2311 ignis
2410 2230 2412 2232 V

836 2344 891 2396 in
920 2342 1102 2407 spinis,
1137 2350 1185 2393 et
1214 2341 1417 2393 nomine
1450 2324 1662 2393 Domini
1688 2340 1828 2390 ultus
1849 2352 1961 2389 sum
1982 2352 2086 2389 eos.
2118 2333 2380 2403 Impulsus

836 2447 1038 2486 eversus
1068 2446 1182 2483 sum
1208 2439 1266 2482 ut
1291 2428 1548 2492 caderem,
1596 2435 1647 2482 et
1701 2427 1953 2481 Dominus
2002 2426 2223 2493 suscepit
2280 2440 2377 2477 me.
2424 2476 2427 2477 ν

837 2521 1124 2575 Fortitudo
1172 2537 1285 2573 mea
1330 2530 1378 2573 et
1410 2520 1525 2573 laus
1550 2535 1664 2574 mea
1702 2517 1971 2579 Dominus,
2015 2527 2063 2569 et
2097 2517 2266 2579 {actus
2304 2523 2383 2568 est

837 2614 964 2668 mihi
979 2615 1032 2666 in
1060 2613 1301 2667 salutem.
1325 2611 1436 2665 Vox
1456 2610 1822 2665 exsultationis
1844 2619 1891 2662 et
1916 2608 2102 2661 salutis
2128 2608 2181 2661 in
2205 2606 2380 2661 taber-

836 2705 1038 2758 naculis
1068 2703 1348 2770 iustorum.
1373 2701 1501 2757 Mihi
1534 2715 1663 2756 sane
1684 2699 1887 2769 profuit
1916 2698 2060 2769 quod
2094 2698 2380 2766 impiorum

837 2796 996 2849 finem
1032 2794 1163 2862 ipsis
1188 2794 1361 2848 oculis
1396 2792 1744 2862 perciperem.
1775 2788 1909 2845 Novi
1937 2790 2080 2844 enim
2107 2803 2201 2843 eos
2222 2802 2379 2842 exar-

838 2887 977 2940 sisse
1001 2886 1132 2938 sicut
1160 2886 1290 2954 ignis
1322 2885 1379 2937 in
1420 2883 1603 2951 spinis,
1642 2889 1735 2935 aut
1764 2882 2057 2936 exstinctos
2094 2894 2215 2935 esse
2247 2879 2381 2933 sicut

837 2976 971 3044 ignis
996 2976 1053 3028 in
1081 2976 1277 3043 spinis;
1314 2975 1386 3028 ita
1416 2985 1475 3028 ut
1501 2988 1609 3027 non
1629 2972 1858 3027 ulterius
1890 2970 2190 3041 perturber,
2222 2971 2267 3026 si
2297 2970 2378 3024 vi-

839 3068 1001 3120 deam-
1033 3066 1226 3134 impios
1285 3080 1403 3120 sese
1447 3064 1715 3134 erigentes
1769 3070 1823 3118 et
1871 3062 1927 3117 in
1979 3062 2377 3131 populum~Dei

839 3158 1199 3227 insurgentes.
1230 3155 1436 3210 Edidici
1477 3155 1676 3228 quippe
1700 3154 1920 3226 quinam
1954 3154 2098 3222 ipsos
2131 3153 2251 3208 linis
2285 3168 2377 3207 ex-

774 3237 779 3241 ’
839 3251 1063 3311 spectet.
1453 3272 1457 3277 ο
2403 3263 2444 3320 c

844 3511 849 3519 '
911 3498 1259 3557 VsusJiHS.
1278 3501 1502 3556 Dextera
1520 3501 1726 3557 Domini
1750 3503 1870 3571 fecit
1891 3503 2379 3566 virtutem,dextera
2472 3516 2481 3521 '

838 3591 1047 3646 Domini
1084 3596 1333 3647 exultavit
1363 3610 1461 3658 me,
1493 3594 1708 3649 dextera
1728 3594 1940 3648 Domini
1967 3595 2086 3664 fecit
2113 3597 2373 3651 virtutem.

839 3679 964 3736 Non
1007 3684 1221 3749 moriar,
1254 3683 1343 3738 sed
1381 3685 1568 3751 vivam,
1615 3694 1663 3741 et
1699 3684 1925 3738 narrabo
1957 3702 2113 3754 opera
2145 3685 2373 3741 Domini.

839 3767 1116 3841 Castigans
1141 3775 1410 3842 castigavit
1438 3790 1518 3831 me
1547 3773 1821 3839 Dominus,
1868 3784 1919 3829 et
1940 3776 2099 3829 marti
2125 3792 2228 3832 non
2268 3786 2379 3829 tra-

836 3861 972 3917 didit
1010 3877 1108 3915 me.
1137 3861 1286 3927 Quod
1311 3865 1711 3934 persecutiones
1744 3881 1853 3921 non
1884 3852 2103 3921 inutiles
2124 3868 2255 3929 sint,
2284 3867 2377 3923 sed

839 3951 905 4005 ad
959 3952 1248 4006 utilitatem
1298 3961 1352 4009 et
1390 3955 1757 4024 probationem
1802 3964 2117 4012 vexatorum
2163 3958 2376 4020 cedant,

837 4041 993 4108 docet
1029 4042 1115 4098 bis
1145 4044 1323 4098 verbis
1354 4063 1365 4103 :
1389 4043 1665 4117 Castigatus
1691 4047 1969 4116 castigavit
1996 4063 2074 4101 me
2101 4047 2375 4107 Dominus.

835 4129 971 4186 Novi
1006 4132 1148 4210 enim
1186 4133 1551 4207 inﬁrmitatem
1581 4150 1777 4199 meam,
1802 4146 1854 4191 et
1878 4151 1912 4190 a
1939 4135 2049 4193 Deo
2079 4138 2211 4192 mihi
2242 4154 2380 4210 pra:-

836 4222 1019 4278 stitam
1054 4222 1304 4279 Virtutem
1338 4231 1447 4280 no'n
1475 4224 1735 4295 ignoravi.
1795 4224 2004 4297 Edidiei
2034 4241 2164 4281 vero
2192 4228 2376 4298 cujus-

836 4312 982 4366 modi
1028 4310 1100 4368 sit
1148 4312 1366 4371 dextera
1416 4314 1508 4368 illa
1562 4312 1797 4379 Domini,
1838 4330 1959 4385 qua!
2003 4316 2252 4374 inimicos
2285 4318 2381 4375 de-

834 4396 1052 4472 pressit.
1148 4472 1149 4475 η

906 4515 1071 4574 Vens.
1121 4515 1301 4570 19-21.
1347 4515 1552 4585 Aperite
1611 4515 1738 4570 mihi
1798 4526 1976 4585 portas
2012 4518 2257 4587 justitiw,
2297 4524 2380 4575 in-

2480 2060 2622 2126 ἕθνη
2671 2057 3023 2112 ἐκύκλωσαν
3072 2078 3146 2130 με
3168 2103 3182 2127 ,
3235 2061 3331 2115 καὶ
3384 2060 3464 2126 τῷ
3519 2062 3759 2129 ὀνόματι
3813 2061 4033 2129 Κυρίου

2478 2148 2796 2217 ἠμυνάμην
2826 2151 3063 2215 αὐτούς.
3095 2151 3526 2217 Κυκλώσαντες
3564 2150 3917 2206 ἐκύκλωσὰν
3932 2168 4029 2220 με,

2479 2238 2681 2303 καὶτῷ
2710 2240 2951 2307 ὀνόματι
2978 2243 3195 2308 Κυρίου
3234 2242 3552 2312 ἠμυνάμην
3586 2243 3822 2308 αὐτούς.
3871 2244 4035 2297 Ἑκύ-

2479 2328 2720 2382 κλωσάν
2741 2347 2816 2399 με
2844 2331 2983 2383 ὡσεὶ
3013 2331 3301 2399 μέλισσαι
3328 2334 3555 2398 κηρίον,
3588 2334 3685 2385 καὶ
3715 2332 4035 2400 ἐξεκαύθη-

2478 2430 2599 2471 σαν
2616 2420 2755 2473 ὠσεὶ
2776 2420 2893 2488 πῦρ
2914 2421 2982 2473 ἐν
3004 2420 3310 2487 ἀκάνθαις,
3332 2421 3429 2473 καὶ
3448 2421 3526 2487 τῷ
3553 2423 3793 2490 ὀνόματι
3813 2424 4032 2489 Κυρίου

2477 2510 2793 2581 ἠμυνάμην
2812 2517 3047 2581 αὐέούς.
3077 2516 3302 2581 Ὠσθείς
3322 2516 3659 2585 ἀνετράπην
3678 2517 3782 2570 τοῦ
3800 2514 4031 2583 πεσεῖν,

2478 2599 2575 2651 καί
2612 2603 2645 2654 ό
2691 2603 2904 2669 Κύριος
2949 2600 3307 2660 ἀντελάϐετό
3355 2623 3495 2675 μου.
3544 2606 3736 2675 Ἰσχύς
3776 2623 3894 2674 μου
3932 2605 4030 2659 καὶ

2477 2688 2735 2757 ὕμνησίς
2756 2709 2875 2760 μου
2906 2696 2938 2746 ό
2963 2695 3195 2760 Κύριος,
3221 2696 3317 2748 καί
3344 2696 3580 2765 ἐγένετό
3602 2714 3704 2765 μοι
3728 2698 3815 2761 είς
3839 2711 4034 2763 σωτη-

2470 2781 2629 2861 ρίαν.
2664 2783 2834 2851 Φωνὴ
2864 2780 3277 2853 ἀγαλλιάσεως
3318 2787 3415 2839 καὶ
3458 2788 3753 2854 σωτηρίας
3781 2788 3850 2840 ἐν
3882 2803 4033 2851 σκη-

2476 2867 2609 2933 ναῖς
2638 2868 2903 2925 δικαὶων.
2957 2872 3254 2947 Ὠφελήθην
3286 2874 3342 2927 δὲ
3393 2874 3487 2928 καὶ
3518 2876 3810 2946 ὀφθαλμοῖς
3848 2893 4028 2949 παρα-

2477 2960 2653 3014 λαϐὼν
2682 2961 2747 3016 τὰ
2774 2962 2899 3035 τέλη
2932 2964 3038 3018 τῶν
3070 2964 3298 3019 ἀσεϐῶν.
3326 2966 3534 3035 Ἔγνων
3555 2966 3679 3040 γὰρ,
3700 2968 3779 3021 ὅτι
3804 2968 4022 3032 ἐξεκαύ-

2476 3052 2647 3124 θησαν
2679 3054 2759 3120 ὡς
2792 3056 2910 3123 πῦρ
2958 3056 3028 3109 ἐν
3057 3056 3343 3124 ἀκάνθαις
3365 3099 3403 3125 ,_
3432 3058 3477 3131 ἢκ
3501 3058 3901 3129 ὲπεσὸέσθησαν
3949 3059 4029 3124 ὡς

2477 3143 2594 3211 πῦρ
2626 3144 2694 3196 ἐν
2723 3146 3000 3199 ἀκανθῶν
3031 3145 3149 3217 (sic)
3178 3145 3253 3210 ὡς
3291 3146 3484 3218 μηκέτι
3520 3164 3585 3218 με
3629 3146 4026 3218 ταράττεσθαι,

2478 3230 2531 3283 εἴ
2556 3249 2684 3285 ποτε
2716 3234 2853 3305 ὁρῶν
2878 3234 3094 3299 ὰπὸεἴς
3114 3236 3528 3307 ἐπαιρομένους,
3548 3239 3640 3291 καὶ
3666 3237 3742 3307 τῷ
3760 3236 3870 3307 λαῷ
3894 3237 4028 3289 Θεοῦ

2478 3319 2950 3390 ἐπανισταμένους.
2963 3309 3232 3374 Πεπάῗδευ
3240 3339 3336 3391 μαι
3352 3322 3458 3392 γὰρ
3473 3325 3649 3377 ὁποῖον
3669 3325 3859 3387 αὐτοὺς
3882 3324 4030 3390 τέλος

2477 3410 2775 3480 περιμένει.

2546 3520 2715 3583 Δεξιὰ
2754 3523 2973 3589 Κυρίου
2998 3523 3243 3590 ἐποίησε
3276 3522 3529 3592 δύναμιν
3549 3563 3563 3587 ,
3618 3525 3783 3590 δεξιὰ
3809 3526 4029 3595 Κυρίου

2475 3610 2685 3679 come
2719 3628 2829 3679 με,
2868 3612 3035 3676 δεξιὰ
3066 3615 3285 3680 Κυρίου
3313 3614 3558 3682 ἐποίησε
3598 3615 3868 3687 δύναμιν.
3907 3622 4027 3674 Οὐκ

2475 3702 2909 3770 ἀποθανοῦμαι,
2954 3702 3114 3756 ἀλλὰ
3143 3701 3408 3773 ζήσομαι,
3438 3705 3534 3759 καὶ
3576 3696 3929 3777 διηγήσομαι
3957 3708 4030 3762 τὰ

2474 3791 2617 3860 ἔργα
2640 3793 2875 3861 Κυρίου.
2921 3792 3222 3847 Παιδεύων
3256 3795 3576 3850 ἐπαίδευσέ
3618 3815 3689 3863 με
3729 3802 3762 3852 ό
3793 3801 4028 3867 Κύριος,

2474 3882 2555 3949 τῷ
2586 3881 2654 3935 δὲ
2682 3881 2911 3947 θανάτῳ
2942 3885 3013 3937 οὐ
3042 3882 3344 3951 παρέδωκέ
3367 3902 3463 3953 με.
3496 3885 3616 3939 Ὀτι
3650 3887 3722 3957 μὴ
3755 3888 3833 3950 είς
3856 3889 4026 3960 ἄχρη-

2478 3971 2600 4029 στον
2631 3972 2681 4026 οἱ
2714 3971 2960 4043 διωγμοὶ,
3009 3972 3124 4027 ἀλλ’
3158 3976 3245 4050 ἐπ’
3300 3974 3534 4047 ὠφελείᾳ
3562 3977 3653 4029 καὶ
3698 3977 3891 4048 δοκιμῇ
3921 3978 4028 4047 τῶν

2475 4062 2922 4133 πεπειρασμένων
2943 4063 3215 4132 γεγόνασι,
3238 4064 3472 4121 διδάσκει
3500 4066 3671 4135 λέγων
3691 4084 3704 4096 ·
3726 4066 4031 4124 Παιδεὺων

2473 4152 2791 4208 ἐπαίδευσέ
2814 4169 2890 4220 με
2933 4155 2965 4206 ὀ
3002 4156 3235 4221 Κύριος.
3279 4156 3491 4223 Ἔγνων
3522 4156 3627 4229 γὰρ
3659 4158 3755 4229 τὴν
3789 4158 4025 4229 ἐμαυτοῦ

2475 4240 2772 4307 ἀσθένειαν,
2790 4242 2881 4295 καὶ
2896 4242 2991 4313 τὴν
3007 4245 3069 4295 ὲκ
3084 4243 3216 4297 Θεοῦ
3231 4262 3324 4315 μοι
3344 4247 3618 4317 παρασχεθ
3626 4251 3772 4304 εἷσαν
3795 4249 4026 4320 δύναμιν

2475 4329 2575 4383 οὐκ
2614 4331 2873 4402 ἠγνόησα.
2912 4333 3261 4406 Ἐπαιδεύθην
3292 4335 3347 4387 δὲ
3387 4338 3543 4389 ὁποία
3573 4356 3661 4409 τις
3696 4335 3764 4410 ἦν
3817 4341 3852 4410 ὴ
3883 4341 4030 4404 δεξιὰ

2474 4420 2567 4476 τοῦ
2597 4420 2821 4491 Κυρίου,
2854 4424 2886 4492 ή
2916 4424 3039 4487 τοὺς
3065 4425 3351 4495 πολεμίους
3378 4414 3796 4483 ταπεινώσασα.’

2559 4531 2848 4595 Ἀνοίξατέ
2892 4550 2994 4600 μοι
3043 4536 3241 4599 πύλας
3282 4535 3666 4615 δικαιοσύνης
3689 4578 3705 4602 ,
3740 4541 4028 4596 εἰσελθὼν

835 4622 1039 4673 gressus
1069 4608 1223 4659 ineas
1241 4605 1522 4674 conﬁtebar
1540 4603 1763 4660 Domino
1780 4622 1799 4659 :
1837 4608 1947 4667 haec
1972 4617 2124 4674 porta
2142 4607 2375 4677 Domini,l
2408 4592 2453 4646 D

2408 4592 2453 4646 D
2477 4624 2545 4681 ἐν
2595 4592 2800 4691 αὐτάῖς
2847 4592 3359 4713 ἐξομολογησομαι
3407 4626 3489 4692 τῷ
3732 4645 3745 4657 '

824 4693 963 4757 justi
1000 4694 1267 4747 intrabunt
1317 4695 1373 4746 in
1415 4710 1549 4748 eam.
1624 4693 1919 4771 Cou/itebor|
1974 4697 2088 4763 tibi,
2132 4701 2376 4768 quoniam

835 4784 1095 4837 exaudiui
1123 4800 1223 4848 me,
1250 4794 1299 4837 et
1328 4784 1497 4851 factus
1532 4801 1586 4843 es
1614 4787 1742 4842 mihi
1778 4787 1833 4840 in
1852 4787 2094 4862 salutem.
2117 4788 2377 4847 Generale

836 4875 998 4945 igitur
1012 4876 1251 4955 omnium
1287 4876 1546 4952 virtutum
1581 4892 1777 4932 nomen
1812 4879 2037 4949 iustitiae
2054 4881 2365 4946 ascribitur,

835 4980 972 5035 quas
1027 4966 1080 5019 in
1124 4966 1303 5036 specie
1341 4966 1588 5023 dividens
1636 4969 2074 5041 quispiam_jure
2133 4973 2369 5029 dixerit:

835 5057 1046 5126 Aperite
1070 5058 1195 5110 mihi
1228 5068 1406 5125 portas
1427 5056 1670 5126 iustitiae,
1694 5068 1877 5130 portas
1901 5061 2027 5118 item
2054 5064 2369 5133 prudentiae,

836 5155 891 5201 et
926 5146 1268 5215 reliquarum
1314 5146 1611 5205 secundum
1658 5146 1823 5204 Deum
1877 5153 2170 5206 actionum.
2223 5152 2374 5209 Post-

838 5252 996 5303 quam
1035 5245 1209 5291 autem
1255 5245 1440 5307 portas
1492 5228 1679 5294 omnes
1729 5242 2141 5312 praetergressus
2183 5244 2371 5312 fuerit;

838 5330 1051 5382 demum
1083 5325 1137 5380 in
1177 5326 1362 5382 intima
1415 5336 1749 5396 sanctorum,
1775 5337 1833 5385 ut
1853 5333 2118 5403 quispiam
2156 5335 2372 5403 dixerit,

838 5418 1173 5486 perveniens,
1209 5431 1319 5471 non
1358 5419 1575 5482 multas,
1626 5419 1722 5475 sed
1748 5435 1909 5499 unam
1932 5423 2131 5479 videbit
2167 5434 2376 5494 portam

838 5505 1010 5571 ipsius
1030 5504 1263 5567 Domini,
1294 5520 1391 5576 per
1421 5523 1582 5577 quam
1616 5523 1805 5567 omnes
1827 5509 1959 5579 justi
1988 5510 2374 5582 inpedientur.

838 5594 1043 5652 Dixerit
1070 5611 1230 5665 porro
1252 5598 1540 5666 quispiam,
1572 5599 1713 5665 banc
1737 5600 1979 5659 ultimam
2009 5617 2133 5657 esse
2157 5609 2211 5657 et
2256 5617 2376 5671 pos-

838 5696 1063 5745 tremam
1106 5695 1337 5758 portam,
1376 5691 1514 5747 ultra
1547 5708 1708 5764 quam
1753 5694 2003 5766 progredi
2056 5712 2165 5753 non
2197 5697 2373 5754 liceat.

904 5840 925 5864 '
964 5838 1149 5898 Matth.
1186 5856 1274 5908 xv,
1308 5841 1395 5897 24.

2426 4764 2429 4767 Α
2480 4716 2639 4781 πύλη
2664 4715 2769 4769 τοῦ
2791 4717 3028 4785 Κυρίου,
3049 4715 3261 4768 δίκαιοι
3285 4717 3728 4774 εἰσελεύσονται
3754 4721 3824 4775 ἐν
3848 4722 4022 4791 αὐτῇ.

2455 4804 3029 4888 ’Ἐξομολογήσομαι
3077 4820 3195 4869 σοι,
3235 4804 3324 4857 ὅτι
3360 4805 3704 4876 ἐπήκουσάς
3741 4797 4024 4880 μου,“ιιαί

2404 4953 2409 4959 ,
2477 4890 2684 4962 ἐγένου
2698 4910 2799 4961 μοι
2830 4897 2916 4961 εὶς
2938 4896 3254 4972 σωτηρίαν.
3281 4896 3352 4950 Τὸ
3379 4898 3473 4966 μὲν
3502 4895 3593 4950 οὖν
3618 4901 3827 4966 γενικὸν
3855 4902 4025 4971 ὄνομα

2479 4984 2665 5036 πασῶν
2724 4984 2831 5037 τῶν
2881 4986 3088 5056 ἀρετῶν
3138 4990 3205 5059 τῇ
3256 4987 3562 5059 δικαιοσύνῃ
3623 4990 4016 5061 προγράφεταυ

2479 5075 2598 5127 κατ’
2630 5069 2766 5138 εἶδος
2801 5076 2857 5130 δὲ
2881 5075 3062 5133 λοιπὸν
3088 5079 3307 5149 διαιρῶν
3337 5097 3440 5144 τις,
3472 5080 3614 5134 εῐποι
3647 5079 3918 5149 ἀνα-λόγως
3941 5082 4019 5145 τὸ,

2491 5166 2780 5231 Ἀνοίξατέ
2802 5185 2903 5235 μοι
2926 5170 3121 5235 πύλας
3143 5169 3549 5240 δικαιοσύνης,
3578 5173 3672 5225 καὶ
3697 5172 3868 5237 πύλας
3894 5191 4025 5245 φρο-

2478 5254 2714 5323 νήσεως,
2748 5255 2840 5339 καὶ
2871 5256 2977 5312 τῶν
3023 5257 3223 5314 λοιπῶν
3258 5258 3367 5313 τῶν
3393 5260 3534 5313 κατὰ
3576 5259 3707 5312 Θεὸν
3742 5263 4017 5334 ιπράξεωνέ

2492 5344 2735 5399 Ἐπειδὰν
2775 5338 2862 5401 διὰ
2916 5346 3101 5402 πασῶν
3154 5346 3395 5418 παρέλθῃ
3444 5347 3553 5403 τῶν
3598 5348 3807 5415 πυλῶν,
3838 5338 4023 5409 λοιπὸν

2475 5433 2565 5486 ἐπὶ
2595 5434 2654 5486 τὸ
2682 5434 2828 5499 τέλος
2872 5436 3011 5501 τῶν,
3030 5438 3107 5502 ὡς
3149 5454 3212 5491 τευ-ι
3243 5437 3384 5492 είποι
3426 5456 3529 5509 τις,
3561 5435 3821 5497 ἐνδοτάτω
3853 5444 4022 5510 ἁγίων

2477 5521 2664 5590 ἐλθὼν,
2696 5524 2877 5579 οὐκέτι
2910 5526 3129 5593 πολλὰς,
3156 5529 3307 5592 μάλλα’
3332 5529 3460 5599 μίαν
3488 5529 3672 5599 ὄψεται
3717 5532 3889 5604 πύλην
3923 5533 4019 5604 τὴν

2476 5612 2642 5665 αὑτοῦ
2675 5614 2769 5670 τοῦ
2806 5607 3008 5687 κυρίου
3034 5655 3049 5679 ,
3082 5616 3148 5669 δι’
3190 5614 3259 5682 ἧς
3313 5617 3509 5682 πάντες
3557 5621 3941 5676 εἰσελεύσονται
3971 5622 4023 5675 ol

2476 5705 2692 5757 οίιιαιοι.
2732 5705 2891 5761 Εἴποι
2938 5708 2982 5761 δ’
3015 5707 3080 5762 ἂν
3112 5723 3219 5768 τις
3265 5706 3463 5779 ταύτην
3510 5708 3605 5782 τὴν
3649 5712 3880 5780 ὑστάτην
3930 5714 4027 5768 καὶ
