4318 6402
303 490 440 545 15ϋὸ

1383 494 1877 552 (ΣΟΜΜΕΝΤΑΒΙΑ
1910 498 1977 553 ΙΝ
2018 499 2347 556 PSALMOS.

3362 505 3385 557 1
3396 503 3498 559 566

302 609 627 673 τελευταίαν,
660 606 727 681 ἦς
773 610 1023 664 ἐπέκεινα
1055 610 1233 665 οὐκέτι
1260 608 1368 667 οἷόν
1411 632 1469 667 τε
1510 612 1644 670 εἶναι
1684 635 1848 689 προσ·
1877 625 1924 678 Α
1950 617 2007 671 Ρ(

1795 635 1848 670 σ-
1877 625 1924 678 Α
1950 617 2228 674 Postrema
2266 628 2442 674 autem
2483 619 2697 674 Domini
2734 628 2888 691 porta
2923 620 3083 676 fuerit
3120 623 3500 692 contemplatio

302 697 489 752 ελθεῖν.
525 699 755 769 ’Υστάτη
788 700 845 752 δὲ
896 699 1041 770 πύλη
1078 699 1170 752 τοῦ
1222 702 1423 771 Κυρίου
1456 704 1488 773 ὴ
1540 704 1739 775 θεωρία
1782 708 1845 760 ἂν

302 788 385 859 εἴη
409 788 587 853 αὑτοῦ,
610 790 748 843 κατὰ
775 790 854 851 τὸ,
874 792 1157 857 Μακάριοι
1182 794 1233 844 οἱ
1256 795 1493 846 καθαροὶ
1520 793 1594 861 τῇ
1617 797 1844 865 καρδίᾳ,
1873 850 1891 868 ⁸

301 880 388 932 ὅτι
424 881 585 933 αὐτοὶ
621 881 725 933 τὸν
761 882 906 933 Θεὸν
935 881 1200 948 ὄψονται.

371 970 549 1023 Λίθον
598 970 669 1022 ὃν
727 970 1175 1039 ἀπεδοκίμασαν
1234 976 1287 1026 οἱ
1362 974 1843 1043 οἰκοδομοῦντι-τρο

301 1056 472 1126 οὗτος
493 1062 743 1129 ἐγενήθη
772 1064 857 1127 εἰς
882 1062 1156 1130 κεφαλὴν
1180 1065 1411 1132 γωνίας.
1440 1066 1604 1133 Παρὰ
1631 1069 1847 1135 Κυρίου

300 1152 528 1220 ἐγένετο
561 1153 731 1221 αὕτη,
767 1154 863 1207 καὶ
891 1154 1021 1207 ἔστι
1070 1154 1379 1223 θαυμαστὴ
1420 1158 1487 1209 ἑν
1523 1160 1848 1227 ὀφθαλμοῖς

302 1240 484 1310 ἡμῶν.
538 1243 692 1310 Αὕτη
743 1245 781 1311 ἠ
832 1243 1019 1315 ἡμέρα
1064 1243 1141 1311 ἣν
1182 1245 1468 1312 ἐποίησεν
1517 1250 1547 1299 ό
1598 1249 1844 1314 Κύριος,

299 1332 785 1402 ἀγαλλίασώμεθα
836 1334 933 1388 καὶ
980 1334 1396 1403 εὐφρανθῶμεν
1433 1336 1500 1388 ἐν
1546 1336 1718 1403 αὐτῇ.
1776 1334 1847 1391 Ὦ

298 1425 491 1492 Κύριε,
519 1424 721 1477 σῶσον
752 1424 848 1490 δὴ,
888 1419 934 1478 ὦ
960 1427 1161 1492 Κύριε,
1192 1426 1492 1478 εὑόδωσον
1522 1425 1617 1494 δή.
1658 1428 1847 1479 Εὐλο-

297 1516 550 1583 γημένος
582 1519 612 1568 d
643 1517 961 1584 ἐρχόμενος
997 1517 1063 1569 ἐν
1089 1518 1327 1584 ὀνόματι
1356 1518 1594 1584 Κυρίου.
1635 1518 1848 1589 Ἐπειδὴ

296 1602 399 1659 εἶδε
453 1606 549 1677 τῆς
602 1607 918 1677 οἰκουμένης
952 1606 1047 1677 τὴν
1097 1608 1407 1677 εὐεργεσίαν
1458 1609 1548 1661 καὶ
1600 1608 1696 1678 τὴν
1745 1609 1849 1663 τῶν

299 1697 634 1766 πραγμάτων
664 1697 992 1768 μεταϐολὴν,
1040 1698 1131 1750 καὶ
1174 1699 1305 1767 πρὸς
1343 1699 1402 1751 τὸ
1451 1700 1653 1769 βέλτιον
1683 1702 1848 1772 μετά-

299 1802 502 1850 στασιν,
527 1788 832 1857 συγχαίρων
861 1790 971 1851 τοῖς
999 1789 1324 1843 ἀπολαύουσι
1350 1798 1510 1861 φησιν
1530 1810 1542 1821 ·
1563 1788 1630 1844 Ὦ
1655 1795 1847 1861 Κύριε,

296 1874 502 1931 σῶσον
524 1877 598 1942 δή
618 1894 631 1907 ·
660 1874 706 1931 ὦ
742 1880 932 1947 Κύριε,
962 1880 1265 1933 εὺόδωσον
1288 1881 1382 1946 δή.
1428 1883 1701 1947 Τουτέστι,
1738 1885 1850 1937 διά-

298 1984 468 2021 σωσον
505 1970 628 2031 τοὺς
673 1969 1071 2033 ἀπολαύοντας,
1115 1966 1251 2023 ὥστε
1298 1973 1705 2043 ἐμπλησθῆναι,
1758 1976 1849 2028 καὶ

295 2060 537 2129 καρποὺς
584 2059 763 2124 ἀξίους
806 2060 1162 2126 διαδείξασθαι
1216 2062 1313 2131 τῆς
1355 2042 1606 2134 χάριτος·
1646 2042 1847 2136 »ῥᾳδίαν

293 2153 471 2215 αὐτοῖς
502 2154 721 2242 ποίησον
752 2152 845 2220 τὴν
884 2152 1018 2215 ὁδὸν,
1048 2152 1205 2215 ὥστε,
1255 2155 1388 2223 μετὰ
1436 2156 1503 2207 τδι
1538 2159 1737 2226 τυχεῖν,
1774 2158 1849 2228 μὴ

293 2244 544 2296 ἐκπεσεῖν
574 2242 679 2291 τῶν
707 2242 955 2294 τοιούτων
988 2242 1184 2295 καλῶν.

366 2332 793 2399 Εὐλογιξκαμεν
840 2331 993 2400 ὑμᾶς
1038 2334 1105 2397 ἐξ
1167 2334 1336 2387 οἴκου
1391 2336 1607 2403 Κυρίου
1637 2375 1654 2399 ,
1706 2336 1848 2403 Θεὸς

293 2422 502 2489 Κύριος
557 2423 651 2475 καὶ
698 2422 995 2491 detegam-er
1040 2424 1201 2494 ἡμῖν.
1266 2424 1678 2494 Ὀμολογοῦντες
1702 2467 1716 2491 ,
1767 2429 1847 2481 ὅτι

294 2512 463 2566 ταῦτα
501 2513 681 2576 αὐτοῖς
713 2513 883 2577 οὐδεὶς
905 2514 1062 2577 ἄλλος
1093 2515 1353 2585 ἢαὺτὸςὸ
1388 2516 1587 2586 Κύριος
1612 2518 1848 2587 ἐπέφανέ

290 2619 351 2655 τε
389 2605 481 2657 καὶ
509 2603 701 2668 ἔδειξε·
745 2603 823 2655 διὸ
857 2620 1038 2669 φασιν,
1079 2606 1505 2674 Εὑλογήκαμεν
1554 2606 1736 2677 ὑμᾶς·
1769 2611 1846 2663 ὅτι

293 2694 527 2763 ἐπέφανε
581 2694 679 2765 τὴν
723 2694 990 2763 ὑμετέραν
1034 2695 1213 2759 δείξας
1256 2698 1543 2769 σωτηρίαν.
1594 2699 1849 2766 Ἐπευξά-

296 2800 444 2853 μενοι
499 2784 591 2836 καὶ
645 2782 712 2836 τὰ
767 2782 1025 2853 μέλλοντα
1068 2784 1544 2857 προθεωρήσαντες
1590 2789 1665 2859 τῷ
1710 2791 1849 2860 ἁγίῳ

293 2873 566 2944 Πνεύματι
596 2874 663 2926 τὰ
696 2875 1025 2944 προκείμενα
1065 2877 1111 2927 οί
1159 2877 1453 2947 προφῆται,
1492 2879 1848 2950 μακαρίζουσι

291 2964 418 3026 τοὺς
446 2963 737 3034 μέλλοντας
781 2964 889 3017 τῶν
919 2965 1370 3037 ἀποτελεσμάτων
1413 2970 1539 3021 ποτὲ
1570 2972 1851 3037 καταξιοῦ-

295 3054 437 3107 σθαι.
483 3053 881 3121 Σ-υστήσασθε
919 3056 1134 3125 ἑορτὴν
1184 3056 1253 3109 ἐν
1314 3058 1437 3123 τοῖς
1483 3061 1850 3121 πυκάζουσιν

292 3146 400 3212 ἕως
434 3144 551 3199 τῶν
594 3147 851 3214 κεράτων
882 3147 984 3200 τοῦ
1017 3150 1475 3215 θυσιαστηρίου,
1517 3154 1673 3221 ὑμεῖς
1710 3154 1756 3205 οἱ
1792 3155 1848 3220 ἐξ

1950 712 2089 777 ejus,
2121 711 2421 765 secundum
2451 711 2582 765 illud
2617 731 2630 765 :
2663 712 2814 765 Beati
2844 712 3031 765 mundo
3056 712 3226 778 corde,
3252 716 3500 782 quoniam

1950 802 2049 867 ipsi
2072 801 2238 855 Deum
2259 800 2497 855 uidebunt
2515 802 2555 856 ⁸.

2020 979 2183 1036 Vsus.
2211 981 2389 1034 92—26.
2430 981 2699 1049 Lapidem,
2731 998 2880 1049 quem
2919 980 3314 1047 reprobaverunt
3365 978 3497 1031 trdi-

1949 1072 2165 1139 ﬁcantes
2188 1113 2200 1136 ,
2234 1073 2315 1145 hic
2349 1073 2521 1141 factus
2560 1084 2634 1125 est
2666 1074 2717 1124 in
2770 1082 2925 1139 caput
2962 1072 3161 1140 anguli.
3207 1072 3246 1121 Α
3281 1068 3499 1123 Domino

1949 1163 2145 1229 factum
2172 1173 2248 1217 est
2290 1163 2453 1227 istud,
2483 1172 2529 1215 et
2560 1171 2635 1215 est
2690 1162 2928 1214 mirabile
2986 1162 3037 1213 in
3078 1160 3238 1213 oculis
3285 1161 3500 1213 nostris.

1953 1253 2079 1308 Παέ
2110 1256 2217 1307 dies
2246 1271 2401 1323 quam
2424 1254 2544 1323 fecit
2565 1252 2841 1316 Dominus,
2860 1251 3175 1306 exsultemus
3199 1260 3245 1303 et
3268 1251 3502 1304 la'temur

1951 1346 2110 1398 inea.
2163 1344 2206 1397 0
2241 1344 2478 1407 Domine,
2537 1343 2705 1405 salva,
2761 1359 2935 1410 quwso
2966 1358 2981 1395 :
3011 1358 3040 1394 ο
3066 1340 3321 1402 Domine,
3380 1340 3503 1393 bene

1948 1450 2252 1501 prosperare
2274 1433 2378 1501 fac,
2406 1449 2613 1500 quwso;
2639 1432 2929 1486 benedictus
2954 1434 3040 1500 qui
3063 1433 3196 1485 venit
3224 1433 3274 1483 in
3300 1436 3501 1483 nomine

1950 1522 2182 1576 Domini.
2238 1521 2502 1587 Quoniam
2560 1519 2778 1574 videbat
2844 1520 3160 1574 beneficium
3210 1520 3262 1572 in
3315 1518 3500 1575 urbem

1950 1624 2105 1667 terra:
2137 1610 2521 1666 conferendum
2550 1650 2563 1675 ,
2607 1626 2898 1679 rerumque
2930 1610 3286 1664 mutationem
3336 1623 3401 1662 ac
3445 1609 3502 1661 in

1950 1705 2143 1758 melius
2187 1703 2617 1763 conversionem,
2659 1700 2761 1754 hoc
2797 1700 2940 1756 bono
2970 1700 3274 1756 {ruentibus
3316 1708 3503 1770 gratu-

1952 1795 2070 1849 lans
2108 1794 2183 1847 ait
2209 1813 2221 1847 :
2250 1792 2292 1846 0
2325 1791 2561 1853 Domine,
2590 1790 2757 1853 salva,
2788 1806 2997 1859 quwso;
3043 1808 3071 1845 ο
3098 1786 3339 1852 Domine‘,
3380 1789 3504 1843 bene

1949 1900 2252 1952 prosperare
2281 1883 2387 1951 fac,
2422 1898 2618 1952 quwso.
2638 1881 2692 1935 Id
2721 1889 2823 1945 est,
2861 1895 3123 1935 conserva
3155 1881 3275 1935 illos
3295 1881 3385 1950 qui
3415 1880 3501 1934 his

1953 1975 2227 2037 fruuntur,
2262 1974 2335 2028 ita
2375 1981 2435 2026 ut
2483 1973 2810 2043 repleantur,
2872 1980 2926 2027 et
2982 1971 3393 2041 fructus'gratia
3419 1969 3506 2024 di-

1952 2083 2086 2137 gnos
2107 2067 2397 2122 exhibeant
2428 2081 2441 2116 :
2476 2064 2685 2118 facilem
2719 2064 2853 2133 ipsis
2882 2065 3022 2117 viam
3068 2078 3218 2131 para.
3265 2071 3325 2115 ut
3354 2070 3505 2131 post-

1949 2175 2111 2228 quam
2148 2159 2263 2213 haec
2314 2156 2592 2213 consecuti
2641 2154 2861 2219 fuerint,
2916 2169 2944 2206 a
2999 2154 3197 2207 talibus
3235 2153 3392 2206 bonis
3436 2168 3505 2207 ne

1948 2250 2223 2303 excidant.

2020 2340 2184 2396 Vsus.
2213 2340 2304 2395 27.
2361 2338 2728 2393 Benediximus
2758 2337 2901 2391 vobis
2956 2335 3019 2389 de
3047 2334 3199 2387 domo
3241 2333 3449 2385 Domini
3481 2346 3502 2387 :

1950 2431 2089 2485 Deus
2130 2431 2386 2484 Dominus
2432 2439 2481 2484 et
2530 2430 2706 2483 illuxit
2746 2428 2914 2483 nobis.
2961 2425 3293 2482 Cooﬁtentes
3332 2423 3504 2476 nemi-

1950 2536 2071 2574 nem
2097 2520 2262 2574 alium
2298 2536 2460 2588 quam
2492 2520 2670 2590 ipsum
2698 2519 2986 2572 Dominum
3014 2517 3127 2570 haec
3156 2515 3289 2583 ipsis
3317 2524 3503 2568 osten-

1949 2613 2096 2667 disse
2127 2627 2189 2666 ac
2217 2612 2548 2676 exhibuisse,
2582 2625 2749 2680 quare
2781 2606 3389 2663 dicuntzBencdiximus
3416 2621 3505 2658 vo-

1951 2704 2049 2766 bis,
2075 2704 2199 2773 quia
2238 2703 2414 2757 illuxit
2460 2710 2692 2756 vestram
2739 2700 2968 2755 salutem
2999 2698 3313 2753 ostendens.
3347 2695 3503 2749 Post-

1950 2810 2109 2864 quam
2162 2801 2339 2848 autem
2376 2799 2669 2847 oraverunt
2704 2798 2759 2845 et
2801 2791 2854 2844 in
2895 2788 3099 2859 Spiritu
3153 2792 3341 2840 sancto
3389 2785 3507 2840 haec

1950 2886 2129 2938 futura
2173 2890 2565 2953 prospexerunt
2626 2880 2918 2951 prOphetze,
2972 2878 3157 2933 beatos
3205 2876 3509 2946 praedicant.

1948 2992 2042 3029 cos
2077 2976 2167 3045 qui
2206 2975 2396 3028 borum
2432 2973 2587 3029 linem
2618 2980 2673 3028 et
2718 2971 2967 3026 effectum
3001 2968 3286 3038 aliquando
3315 2979 3504 3021 conse-

1948 3066 2125 3121 cuturi
2153 3074 2299 3119 sunt.
2334 3064 2653 3119 Constituite
2680 3064 2815 3117 diem
2842 3060 3119 3115 solemnem
3147 3060 3201 3112 in
3230 3056 3499 3111 condensis

1948 3173 2109 3226 usque
2141 3156 2207 3208 ad
2255 3173 2452 3209 cornua
2483 3156 2694 3217 altaris,
2747 3168 2845 3208 vos
2883 3169 2948 3207 ex
2999 3150 3248 3223 gentibus
3294 3152 3385 3219 qui
3443 3148 3505 3209 in

292 3235 459 3289 ἐθνῶν
490 3239 548 3289 ἐν
578 3241 688 3299 τοῖς
734 3236 1050 3300 πυκάζουσι.
1088 3237 1253 3289 Τοῦτο
1286 3238 1342 3291 δὲ
1388 3242 1416 3293 ὁ
1469 3241 1568 3310 μὲν
1617 3242 1845 3307 Ἀκύλας
1877 3260 1920 3322 c
1950 3264 1997 3302 ς(

1793 3262 1845 3307 ις
1877 3260 1920 3322 ο
1950 3248 2237 3302 condensis
2265 3249 2419 3302 estis.
2440 3245 2553 3299 Hoc
2583 3253 2760 3300 autem
2787 3245 2866 3299 sic
2894 3243 3085 3313 Aquila
3116 3243 3498 3310 interpretatus

292 3328 629 3399 ἡρμήνευσεν
662 3325 854 3378 εἰπών’
888 3326 1116 3393 Δήσατε
1152 3329 1367 3401 ἑορτὴν
1394 3331 1463 3383 ἐν
1492 3333 1809 3401 πιμελέσιν
1828 3352 1841 3364 ·

290 3416 320 3466 ὁ
349 3415 404 3467 δὲ
434 3414 754 3483 Σύμμαχος·
802 3416 1150 3485 Συνδήσατε
1190 3420 1258 3472 ἐν
1295 3421 1618 3488 πανηγύρει
1662 3423 1849 3476 πυκά-

291 3520 485 3575 σματα
511 3505 615 3570 ἔως
638 3506 753 3558 τῶν
782 3508 1039 3575 κεράτων
1061 3510 1163 3563 τοῦ
1195 3513 1642 3578 θυσιαστηρίου.
1675 3513 1846 3583 Προσ-

291 3597 540 3649 τάττειδὲ
568 3597 654 3649 διὰ
682 3597 883 3650 τούτων
915 3598 1124 3660 πολλοῖς
1158 3600 1458 3670 κειμηλίοις
1491 3601 1730 3673 πληροῦν
1755 3605 1853 3659 τὸν.

290 3683 435 3740 οἷκον
472 3686 561 3739 τοῦ
609 3687 742 3757 Θεοῦ
788 3688 880 3741 κα)⁵
923 3690 1231 3759 ἀναθήμασι
1276 3693 1497 3756 πυκνοῖς
1551 3696 1849 3765 στεφανοῦν

291 3778 450 3829 αὑτὸν
476 3777 615 3829 κατὰ
644 3781 768 3842 τοὺς
792 3778 898 3831 τῶν
926 3779 1126 3850 ἑορτῶν
1150 3781 1393 3852 καιρούς.

362 3870 501 3935 Θεός
532 3888 648 3938 μου
676 3870 730 3924 εἷ
760 3870 862 3934 σὺ,
888 3872 984 3923 καὶ
1011 3872 1523 3941 ἐξομολοτηὲσομαί
1547 3878 1674 3929 σοι·
1705 3878 1849 3945 Geor;

283 3982 403 4036 μου
435 3962 491 4019 εἷ
524 3964 625 4027 σὺ,
653 3965 748 4019 καὶ
773 3963 995 4033 ὐψώσω
1023 3982 1116 4019 σε.
1143 3967 1542 4037 Προστάττεται
1568 3969 1629 4022 δὲ
1650 3973 1683 4023 s
1713 3987 1843 4039 συγ-

289 4056 572 4128 κροτηθεὶς
598 4055 655 4107 ὲν
696 4054 913 4126 Χριστῷ
942 4056 1067 4119 λαὸς
1108 4058 1172 4111 ὲκ
1196 4074 1252 4109 τε
1283 4057 1376 4110 τοῦ
1414 4059 1626 4130 Ἰσραὴλ
1661 4063 1753 4114 καὶ
1782 4066 1853 4123 ὲκ¹

289 4146 382 4200 τοῦ
414 4147 560 4199 οἴκου
606 4144 829 4216 Ἀαρὼν,
866 4147 959 4198 καὶ
1003 4147 1068 4198 ἐκ
1096 4146 1201 4201 τῶν
1232 4147 1576 4218 φοϐουμένων
1605 4150 1695 4205 τὸν
1732 4152 1840 4204 Κύ-

293 4254 405 4310 ριον
455 4235 883 4306 ἐξομολογεῖσθαι
916 4236 1008 4289 καὶ
1047 4236 1224 4305 λέγειν
1265 4240 1321 4293 ὲν
1353 4241 1417 4313 τῇ
1466 4238 1843 4311 ἐξομολογήσει

289 4326 368 4389 τὸ,
399 4327 542 4391 Θεός
580 4344 697 4395 μου
738 4322 796 4379 εἷ
842 4326 958 4390 σὺ,
1005 4328 1101 4383 καὶ
1152 4328 1669 4398 ἐξομολογήσομαί
1710 4347 1839 4384 σοι·

292 4418 434 4482 Θεός
458 4434 575 4485 μου
598 4413 656 4470 εἷ
676 4417 778 4482 σὺ,
807 4418 904 4470 καὶ
927 4417 1149 4486 ὑψώσω
1176 4435 1268 4473 σε.
1301 4420 1845 4492 Ἐξομολογήσομαί

289 4525 406 4569 σοι,
440 4507 527 4560 ὅτι
551 4507 895 4575 ἐπήκουσὰς
917 4528 1067 4578 μου,
1102 4510 1199 4563 καὶ
1243 4511 1451 4580 ἐγένου
1478 4531 1578 4581 μοι
1607 4517 1692 4579 είς
1730 4532 1843 4569 σω-

1945 3346 2029 3393 est
2062 3359 2074 3391 :
2107 3336 2289 3404 Ligate
2319 3337 2702 3389 solemnitatem
2733 3335 2787 3387 in
2810 3327 3501 3402 pinguibussb'ymmacbus

1947 3446 2073 3483 vero
2107 3448 2117 3482 :
2152 3427 2410 3496 Colligate
2452 3427 2507 3480 in
2534 3425 2833 3479 celebritate
2882 3422 3186 3487 densitates,
3237 3434 3399 3487 usque
3430 3416 3501 3471 ad

1945 3535 2141 3572 cornua
2165 3517 2372 3571 altaris.
2404 3514 2501 3570 liis
2527 3521 2705 3569 autem
2755 3511 3020 3583 praecipit,
3058 3508 3242 3563 multis
3271 3508 3501 3562 cimeliis

1945 3609 2163 3665 domum
2206 3608 2300 3664 Dei
2346 3609 2581 3679 replere,
2627 3613 2788 3675 atque
2836 3602 3079 3661 donariis
3126 3598 3500 3668 frequentibus

1945 3701 2114 3771 ipsam
2152 3700 2488 3770 temporibus
2524 3696 2925 3753 solemnitatum
2960 3704 3240 3748 coronare-

2020 3879 2179 3935 Vens.
2209 3877 2299 3939 28,
2330 3877 2421 3931 29.
2454 3877 2587 3930 Deus
2620 3890 2762 3928 meus
2789 3890 2843 3928 es
2871 3880 2947 3938 tu,
2976 3880 3027 3928 et
3053 3872 3335 3941 conﬁtebor
3369 3870 3500 3924 tibi:

1945 3970 2085 4024 Deus
2118 3986 2258 4024 meus
2286 3985 2337 4021 es
2367 3978 2443 4033 tu,
2479 3978 2528 4023 et
2558 3963 2802 4021 exaltabo
2832 3974 2897 4019 te.
2943 3963 3184 4035 Populus
3214 3978 3280 4019 ex
3310 3962 3499 4029 Israel,

1943 4074 2008 4113 ex
2036 4058 2198 4112 domo
2219 4058 2401 4110 Aaron
2418 4065 2475 4111 et
2500 4072 2563 4111 ex
2593 4054 2908 4111 timentibus
2931 4054 3239 4123 Dominum,
3268 4053 3501 4108 inChri-

1942 4162 2029 4204 sto
2070 4156 2453 4219 congregatus,
2479 4146 2699 4217 iubetur
2735 4145 2984 4200 conﬁteri
3017 4160 3081 4200 ac
3108 4144 3326 4200 dicere:
3358 4142 3498 4196 Deus

1908 4256 2084 4312 'meus
2112 4256 2165 4294 es
2196 4249 2270 4304 tu,
2314 4250 2363 4293 et
2405 4236 2686 4306 conﬁtebor
2724 4236 2815 4289 tibi
2839 4236 3019 4295 :Deus
3063 4252 3206 4290 meus
3251 4252 3305 4289 es
3341 4244 3416 4296 tu,
3448 4242 3499 4287 et

1940 4332 2184 4386 exaltabo
2215 4342 2281 4387 te.
2321 4330 2620 4401 Conﬁtebor
2650 4330 2761 4392 tibi,
2806 4328 3053 4397 quoniam
3090 4326 3355 4381 exaudisti
3392 4343 3494 4389 me,

1942 4436 1989 4479 et
2020 4424 2190 4493 factus
2227 4440 2280 4477 es
2319 4423 2448 4475 mihi
2488 4422 2545 4473 in
2570 4420 2813 4473 salutem.
2846 4419 2944 4473 Cui
2991 4432 3152 4487 porro
3177 4418 3293 4472 haec
3339 4415 3492 4477 dicit,

1942 4517 2050 4572 nisi
2097 4514 2321 4571 Domino
2361 4513 2611 4581 superius
2669 4511 2965 4573 declarato,
3020 4510 3112 4579 qui
3157 4510 3225 4565 de
3268 4507 3494 4561 tribula-

290 4599 516 4666 τηρίαν.
548 4600 665 4653 Τίνι
693 4599 749 4653 δὲ
778 4600 949 4654 ταῦτα
989 4601 1189 4672 λέγειῆ
1224 4601 1301 4673 τῷ
1333 4604 1589 4675 ἀνωτέρω
1615 4604 1843 4675 δεδηλω-
1875 4584 1917 4641 ῐ)
1948 4608 1995 4661 ιὶ‹

1791 4626 1843 4659 o-
1875 4584 1917 4641 D
1948 4608 2093 4661 tione
2134 4606 2309 4676 ipsum
2337 4602 2602 4667 liberauit,
2628 4601 2721 4669 qui
2766 4600 2928 4655 etiam
2968 4599 3216 4656 inimicos
3255 4598 3373 4666 ejus
3402 4599 3496 4651 de-

294 4688 439 4757 μένῳ
488 4690 673 4760 Κυρίῳ
708 4690 786 4760 τῷ
832 4692 926 4744 καὶ
971 4692 1035 4767 ὲκ
1077 4680 1304 4762 θλίψεως
1338 4694 1621 4763 ῥυσαμένῳ
1658 4695 1838 4758 αὑτὸν,

290 4778 368 4848 τῷ
407 4779 500 4831 xui.
547 4781 671 4843 τοὺς
704 4781 928 4852 ἐχθροὺς
957 4781 1120 4835 αὑτοῦ
1176 4780 1586 4847 ταπεινώσαντι,
1625 4783 1700 4854 τῷ
1746 4786 1839 4842 καὶ

290 4868 379 4921 τὸν
430 4867 573 4921 λίθον
624 4869 713 4920 τὸν
772 4870 1161 4941 ἀποϐληθέντατ
1201 4872 1335 4939 πρὸς
1394 4871 1500 4925 τῶν
1544 4875 1838 4946 οίκοδόμων

292 4957 583 5028 ὑψώσαντι,
619 4956 693 5027 τῷ
723 4960 814 5011 καὶ
853 4959 1173 5015 εὑοδὼσαντι
1217 4962 1309 5014 καὶ
1342 4961 1571 5016 σώσαντι
1609 4967 1733 5029 τοὺς
1767 4970 1844 5032 εἰς

290 5048 450 5103 αὑτὸν
493 5046 857 5111 πιστεύοντας.
897 5050 1373 5120 Ἐξομολογεῖσθε
1416 5052 1495 5117 τῷ
1527 5057 1720 5122 Κυρίῳ
1758 5057 1845 5111 ὅτι

290 5137 527 5208 ἀγαθὸς,
562 5138 650 5191 ὅτι
679 5141 763 5203 εἰς
791 5138 896 5191 τὸν
914 5138 1101 5193 αἰῶνα
1126 5139 1191 5192 τὸ
1223 5141 1393 5208 ἕλεος
1423 5144 1629 5199 αὐτοῦ.

772 5254 1187 5308 ΑΛΛΗΔΟΥΙΑ.
1206 5255 1322 5307 ΡΙΗ

359 5340 641 5409 Μακάριοι
680 5346 734 5397 οἱ
755 5343 976 5413 ἄμωμοι
1003 5348 1073 5399 ἐν
1103 5344 1178 5415 τῇ
1210 5344 1346 5409 ὀδῷ,
1373 5349 1427 5400 οἱ
1460 5347 1843 5414 πορευόμενοι

290 5430 359 5485 ἐν
400 5433 559 5500 νόμῳ
612 5436 850 5503 Κυρίου.
888 5436 1167 5505 Μακάριοι
1199 5440 1251 5490 ol
1293 5435 1717 5505 ἐξερευνῶντες
1770 5438 1843 5491 τὰ

1902 4750 1907 4754 .
1946 4699 2165 4769 pressit,
2204 4695 2295 4766 qui
2338 4692 2680 4762 reprobatum
2730 4690 2798 4744 ab
2827 4689 3219 4744 aediﬁcantibus
3265 4686 3496 4754 lapidem
3564 4690 3565 4693 ‘

1946 4786 2219 4852 exultavit,
2250 4784 2344 4854 qui
2373 4782 2555 4837 ﬁdeles
2592 4797 2720 4836 suos
2754 4781 2889 4834 bene
2932 4792 3249 4849 prosperare
3291 4774 3417 4830 fecit
3442 4783 3498 4828 et

1947 4878 2119 4934 salute
2146 4874 2386 4931 donavit.
2415 4871 2746 4940 Conﬁtemini
2777 4871 2999 4926 Domino
3033 4869 3276 4939 quoniam
3308 4865 3494 4928 bonus,

1942 4969 2185 5040 quoniam
2215 4967 2270 5019 in
2296 4949 2543 5019 saeculum
2570 4962 2929 5018 misericordia
2950 4963 3084 5031 ejus.

2414 5241 2774 5298 ALLELUIA.
2809 5239 3038 5298 CXVII].

2012 5339 2178 5396 Vsus.
2222 5337 2361 5393 1-8.
2400 5335 2552 5390 Beati
2598 5334 2925 5388 immaculata"
2954 5333 3009 5385 in
3052 5348 3154 5395 uta,
3187 5348 3275 5402 qut
3304 5327 3493 5383 ambu-

1944 5434 2054 5488 lant
2088 5435 2142 5487 in
2174 5432 2277 5501 lege
2306 5430 2536 5486 Domini.
2570 5427 2720 5481 Beati
2758 5427 2845 5495 qui
2873 5434 3174 5478 scrutantur
3196 5424 3494 5477 testimonia

285 5521 573 5603 μαρτύρια
606 5524 809 5588 αὐτοῦ,
837 5525 905 5578 ἐν
932 5524 1042 5593 ὅλῃ
1070 5528 1143 5595 τῇ
1179 5526 1387 5595 καρδίᾳ
1411 5524 1840 5595 ἐκζητήσωσιν
1938 5526 1987 5593 ε]

1788 5545 1840 5579 ιν
1938 5526 2072 5593 ejus,
2105 5526 2159 5577 in
2185 5534 2291 5578 toto
2317 5522 2469 5577 corde
2492 5521 2761 5591 exquirant
2781 5534 2917 5571 eum.
2947 5515 3069 5569 Non
3093 5516 3228 5569 enim
3256 5514 3344 5583 qui
3372 5529 3493 5583 ope-

291 5602 493 5664 αὑτόν.
521 5613 600 5663 Οὐ
624 5614 732 5681 γὰρ
751 5619 803 5669 ol
823 5614 1189 5685 ἐργαζόμενοι
1211 5616 1324 5686 τὴν
1347 5619 1597 5686 ἀνομίαν
1620 5617 1689 5672 ἐν
1709 5617 1839 5682 ταῖς
1940 5632 1996 5669 ra

1788 5617 1839 5682 ῖς
1940 5626 2127 5669 rantur
2172 5616 2531 5685 iniquitatem,
2571 5612 2627 5664 in'
2664 5609 2758 5663 viis
2800 5608 2911 5676 ejus
2954 5603 3365 5659 ambulaverunt.
3415 5602 3493 5655 Tu

294 5701 453 5766 ὁδοῖς
480 5702 663 5755 αὐτοῦ
705 5705 1135 5777 ἐπορεύθησαν.
1176 5709 1259 5764 Σὺ
1290 5708 1561 5763 armum
1607 5709 1712 5757 γὰρ
1742 5709 1834 5761 ιν.
1942 5725 1999 5762 ηις

1789 5725 1834 5753 οι
1942 5698 2205 5762 mandasti
2238 5706 2489 5762 mandata
2518 5713 2608 5758 tua
2628 5699 2884 5757 custodiri
2911 5697 3085 5753 nimis.
3121 5692 3332 5749 Utinam
3359 5693 3494 5748 diri—

363 5854 387 5884 ⁸
421 5853 603 5914 κλωπ.
639 5872 699 5920 v,
727 5856 776 5913 8.
