4318 6418
96 46 277 209 Γ

360 464 492 523 1369

1435 449 1920 534 conservrum
1961 481 2026 535 lN
2065 483 2392 541 PSALMOS.

3368 492 3390 543 l
3404 491 3507 545 570

354 580 509 673 κατὰΔ
534 580 635 673 τόν
672 587 853 653 λόγον
890 604 1021 641 σου.
1053 590 1159 657 Τὰς
1200 592 1373 658 ὁδούς
1399 612 1511 660 μου
1549 596 1881 665 ἐξήττειλα,

1922 609 1956 661 Α
1984 603 2083 669 ﬁca
2106 620 2185 657 me
2208 604 2483 656 secundant
2505 603 2703 657 uerbum
2733 614 2893 659 luunt.
2928 604 3046 658 Via:
3072 622 3209 659 meas
3230 608 3509 673 enuntiasi,

357 668 453 720 και
484 669 826 739 ἐπήκουσάς
854 694 1002 743 μου·
1044 678 1288 744 δίδαξόν
1325 700 1400 750 με
1432 686 1503 736 τὰ
1540 684 1889 753 δικαιώματά

355 774 487 811 σου.
530 761 691 813 Ὀδὸν
726 762 1120 833 δικαιωμάτων
1153 787 1265 823 σου
1304 773 1625 827 συνέτισόν
1651 791 1725 842 με
1745 813 1759 835 ,
1790 776 1889 827 καί

354 845 742 915 ἀδολεσχήσω
768 853 837 903 ἑν
864 854 983 919 τοῖς
1005 859 1347 925 θαυμασίοις
1366 877 1499 914 σου.
1534 863 1889 924 Ἐι-ὐσταεεν

357 936 393 1001 ἡ
427 935 592 1003 ψυχή
618 956 733 1005 μου
759 940 874 993 ἀπὸ
898 943 1163 1011 ἀκηδίας,
1184 948 1515 1010 βεϐαίωσόν
1550 968 1624 1018 με
1664 952 1732 1003 ἐν
1769 952 1888 1018 τοῖς

354 1024 555 1091 ,τόνοις
586 1042 717 1080 σου.
755 1028 1179 1107 Ὀδὸνάδικίας
1211 1037 1557 1104 ἀπέστησαν
1601 1041 1697 1093 ἀπ’
1723 1042 1885 1108 ἐμοῦ,

354 1109 450 1161 καί
478 1111 557 1174 τῷ
584 1114 740 1181 νόμῳ
766 1131 879 1172 σου
915 1119 1169 1186 ἐλέησόν
1185 1141 1278 1190 με.
1310 1126 1513 1196 Ὠσπερ
1539 1128 1674 1196 ἁρχὴ
1703 1133 1889 1198 κοιμή-

356 1200 490 1262 σεώς
519 1204 631 1255 ἐστι
664 1208 981 1277 νυσταγμὸς,
1008 1211 1175 1275 οὕτως
1220 1216 1344 1267 ποτὲ
1376 1217 1632 1287 καὶψυχὴ
1664 1221 1718 1268 ὲν
1748 1220 1884 1289 ἀρχῇ

353 1290 612 1362 γενομένη
664 1294 1061 1367 ἁμαρτημάτων
1105 1302 1312 1368 λέγεται
1356 1306 1659 1369 νυστάζειν,
1696 1307 1883 1359 καθελ-

354 1380 553 1451 κομένη
590 1384 687 1451 μὲν
729 1382 910 1457 ῶσπερ
936 1392 1013 1451 εἰς
1047 1390 1207 1444 ὕπνον
1230 1432 1243 1455 ,
1275 1395 1334 1445 τὸ
1376 1395 1701 1465 ἁμάρτημα,
1758 1398 1885 1449 ἀνα-

354 1469 577 1523 νεύουσα
606 1472 661 1524 δὲ
692 1475 784 1527 καὶ
827 1478 1142 1549 ὲγειρομένη
1172 1480 1257 1533 διὰ
1282 1482 1379 1549 τῆς
1424 1483 1531 1537 τῶν
1573 1485 1886 1553 κρειττόνων

358 1557 591 1627 μνήμης.
631 1560 963 1628 Ἀναγκαίως
993 1565 1049 1617 δὲ
1080 1568 1444 1637 συνετισθῆναι
1476 1568 1623 1632 ἀξιῶ.
1653 1572 1743 1622 καὶ
1777 1588 1887 1638 φω-

354 1649 593 1719 τισθῆναι
624 1655 747 1715 τοὺς
788 1654 1089 1725 ὀφθαλμούς
1142 1675 1239 1725 μου
1292 1660 1367 1720 εἰς
1419 1661 1739 1730 κατανόησιν
1779 1662 1887 1715 τῶν

354 1739 549 1810 νόμων,
579 1743 663 1795 ἴνα
690 1746 835 1797 πᾶσα
854 1746 968 1807 ὁδὸς
993 1747 1199 1809 ἀδικίας
1226 1749 1428 1819 ἀποστῇ
1452 1753 1543 1804 ἀπ’
1571 1753 1721 1821 ἐμοῦ.
1750 1754 1889 1805 Ἀντὶ

356 1829 411 1883 δὲ
444 1831 559 1896 τοῦ,
597 1832 757 1885 Ὀδὸν
791 1834 1017 1901 ἀδικίας
1040 1837 1386 1903 ἀπόστησον
1406 1842 1504 1893 ἀπ’
1538 1841 1700 1905 ἐμοῦ,
1726 1845 1753 1895 ό
1791 1844 1887 1912 μὲν

1984 701 2032 743 et
2057 694 2319 745 exaudiui
2343 709 2442 756 me,
2484 694 2607 747 doce
2642 711 2718 746 me
2748 694 3145 762 justiﬁcationes
3179 705 3318 749 tuas.
3364 696 3511 749 Viam

1977 781 2413 849 justiﬁcationum
2446 792 2651 835 tuarum
2686 784 2965 851 intelligere
2992 800 3068 836 me
3100 784 3205 851 fac,
3236 794 3283 837 et
3309 800 3513 838 exerce-

1987 872 2077 924 bar
2100 873 2153 923 in
2182 872 2503 925 mirabilibus
2536 875 2660 926 tuis.
2703 873 3013 926 Dormitauit
3050 876 3223 926 anima
3252 892 3366 928 mea
3404 890 3512 941 pra:

1988 962 2161 1023 ta'dio,
2189 963 2439 1031 conﬁrma
2470 979 2548 1014 me
2582 965 2636 1015 in
2673 964 2834 1016 verbis
2879 965 3001 1016 ιιιὶι.
3043 963 3185 1015 Viam
3221 965 3511 1028 iniquitatis

1987 1066 2162 1101 amove
2199 1067 2230 1102 a
2270 1046 2369 1113 me,
2392 1061 2440 1105 et
2473 1052 2577 1121 lege
2600 1065 2687 1104 tua
2718 1054 2957 1106 miserere
2982 1055 3097 1105 mei.
3123 1052 3271 1105 Sicut
3300 1053 3512 1107 initium

1986 1138 2281 1191 dormiendi
2313 1148 2393 1194 est
2434 1140 2769 1207 dormitatio;
2810 1143 2889 1195 sic
2919 1157 3039 1194 cum
3084 1143 3256 1193 anima
3301 1142 3512 1196 initium

1987 1231 2237 1296 peccandi
2266 1230 2408 1291 facit,
2438 1231 2727 1285 dormitare
2757 1233 2975 1293 dicitur,
3002 1232 3125 1284 dum
3150 1231 3214 1283 ad
3235 1240 3513 1300 peccatum

1985 1321 2137 1386 quasi
2169 1320 2230 1371 ad
2263 1334 2507 1373 somnum
2536 1323 2795 1386 trahitur;
2823 1323 2915 1375 sed
2944 1337 3009 1375 ex
3047 1322 3299 1375 memoria
3326 1323 3515 1377 melio-

1986 1424 2102 1461 rum
2151 1409 2270 1461 inde
2307 1410 2527 1477 emergit
2565 1425 2626 1463 ac
2655 1415 2935 1463 excitatur.
2984 1410 3297 1465 Necessario
3336 1419 3510 1464 autem

1986 1498 2263 1567 prudentia
2308 1500 2525 1559 muniri,
2553 1507 2605 1551 et
2644 1501 2828 1554 oculos
2860 1516 3008 1556 meos
3037 1502 3238 1555 lumine
3267 1501 3513 1570 perfundi

1985 1594 2099 1649 tuo,
2131 1587 2341 1653 postulo
2370 1586 2435 1638 ad
2476 1588 2873 1656 intelligendum
2907 1589 3094 1658 legem,
3132 1598 3189 1642 ut
3224 1591 3397 1645 omnis
3428 1591 3513 1642 via

1985 1674 2279 1743 iniquitatis
2314 1684 2621 1728 amoveatur
2668 1691 2697 1728 a
2730 1692 2833 1733 me.
2866 1676 2968 1732 Pro
3008 1678 3096 1732 illo
3118 1687 3328 1731 autem:
3365 1678 3512 1731 Viam

1986 1764 2269 1832 iniquitatis
2318 1781 2493 1818 amove
2538 1782 2569 1817 a
2631 1783 2747 1829 me;
2797 1766 3025 1836 Aquila:
3070 1767 3215 1820 Viam
3264 1770 3516 1823 mendacii

1987 1868 2163 1905 amove
2194 1870 2225 1905 a
2252 1870 2348 1914 me,
2380 1854 2578 1920 edidit;
2611 1855 2964 1923 Symmachus
2992 1871 3116 1908 vero
3143 1873 3153 1907 :
3186 1854 3336 1908 Viam
3368 1871 3514 1908 mer-

367 1920 610 1986 ’Δκύλας,
624 1923 793 1977 Ὀδὸν
810 1924 1065 1991 ψεύδους
1079 1928 1423 1995 dardaniam-
1438 1931 1681 1999 ἀπ’ἐμοῦ
1694 1972 1708 1995 ,
1741 1932 1888 2002 εἴρη-

1922 1926 1959 1982 B
1984 1942 2160 1994 dacem
2184 1943 2332 2009 aufer
2359 1960 2391 1995 a
2422 1960 2531 2006 me;
2569 1952 2623 1996 ut
2659 1945 2805 2013 prior
2824 1947 3086 2015 expositio
3114 1961 3236 1999 vera
3265 1946 3352 2002 sil.
3382 1943 3514 1998 Nam

354 2024 479 2063 κεν·
530 2012 557 2063 ὁ
607 2012 661 2065 δὲ
715 2012 1022 2083 Σύμμαχος,
1064 2015 1227 2067 Ὀδὸν
1262 2018 1455 2086 ψευδῆ
1510 2023 1741 2087 περίελε
1785 2023 1885 2075 ἀπ’

352 2098 523 2179 ἐμοῦ·
568 2100 643 2163 ὡς
691 2102 967 2172 ἀληθεύειν
1012 2103 1107 2173 τὴν
1166 2109 1559 2179 προειρημένην
1614 2111 1883 2181 ἐξήγησιν.

354 2186 583 2258 Εὗχεται
627 2189 734 2259 γάρ
764 2190 987 2254 ἕκαστος
1025 2193 1177 2256 ἐκτὸς
1214 2196 1458 2263 γενέσθαι
1502 2198 1676 2267 πάσης
1704 2199 1888 2267 ψευδο-

353 2276 528 2341 δοξίας
550 2280 640 2330 καὶ
665 2278 761 2348 τῆς
800 2282 924 2349 περὶ
953 2280 1047 2343 τάς
1082 2282 1227 2345 θείας
1256 2274 1470 2355 Πραφάς
1496 2286 1716 2354 ψευδοῦς
1763 2290 1888 2339 ὑπο-

352 2366 581 2437 λήψεως.

421 2496 584 2550 ὀδὸν
600 2500 878 2566 ἀληθείας
893 2502 1274 2572 ὴρετισάμην,
1290 2503 1361 2557 τὰ
1381 2505 1627 2572 κρίματὰ
1646 2522 1759 2559 σου
1780 2509 1889 2560 οὐκ

352 2583 741 2653 ἐπελαθόμην.
756 2587 856 2641 Τὸν
873 2588 1047 2658 στίχον
1072 2589 1253 2643 τοῦτον
1277 2592 1391 2662 ἐρεῖ
1412 2592 1568 2661 μόνος
1582 2594 1610 2644 ὁ
1626 2610 1891 2664 καταφρο-

354 2674 458 2727 νῶν
486 2675 583 2743 μὶν
601 2674 709 2726 τῶν
731 2674 1067 2745 βλεπομένων
1100 2678 1173 2741 ὡς
1196 2680 1558 2750 προσκαίρων,
1604 2682 1815 2732 σκοπῶν
1833 2681 1889 2733 δὲ

352 2764 418 2815 si
448 2763 522 2833 μὴ
544 2762 931 2835 βλετυόμεναὼς
958 2766 1165 2832 αἰώνια,
1191 2769 1281 2822 καὶ
1311 2771 1445 2839 μόνα
1474 2771 1673 2839 κυρίως
1698 2770 1887 2838 ἀληθῆ,

358 2854 447 2907 καὶ
482 2854 567 2907 tn’
601 2857 779 2909 ἐκεῖνα
819 2857 1071 2910 σπεύδων.
1096 2860 1208 2912 Οὐκ
1246 2860 1497 2931 ἀληθείας
1526 2860 1631 2929 γὰρ
1658 2860 1790 2921 ὁδὸς,
1824 2861 1888 2927 ἣν

353 2943 582 3013 αἱρεῖται
619 2946 647 2997 ό
684 2949 1190 3016 πραγματευόμενος
1227 2950 1316 3002 τὸν
1355 2950 1500 3002 κάτω
1545 2948 1765 3001 πλοῦτον
1796 2950 1888 3001 καὶ

352 3032 450 3094 τάς
481 3032 571 3085 ἐπὶ
599 3033 701 3103 γῆς
727 3035 899 3098 δόξας.
936 3037 994 3089 ’0
1017 3032 1107 3089 οὖν
1134 3037 1379 3107 ἑλόμενος
1403 3038 1622 3098 ὁδεύειν,
1655 3040 1729 3101 ὼς
1755 3040 1888 3091 ἀπο-

353 3120 676 3192 δεδώκαμεν,
700 3124 796 3193 τὴν
816 3124 915 3193 τῆς
940 3125 1193 3194 ἀληθείας
1218 3125 1352 3190 ὁδὸν,
1377 3121 1528 3190 οὗτος
1548 3128 1645 3181 οὐκ
1670 3128 1887 3182 ἐπιλαν-

1985 2042 2233 2104 precatur
2274 2038 2662 2103 unusquisque,
2716 2045 2771 2088 ut
2809 2046 2959 2089 extra
2997 2035 3182 2088 falsam
3219 2037 3515 2105 quamlibet

1985 2124 2294 2178 sententiam
2332 2131 2385 2176 et
2422 2124 2728 2179 mendacem
2756 2125 2821 2179 de
2848 2125 3042 2179 divinis
3079 2124 3371 2194 Scripturis
3398 2126 3518 2195 opi-
3552 2148 3555 2151 ι

1984 2214 2198 2266 nionem
2227 2220 2484 2267 versetur.

2055 2492 2220 2549 Vsus.
2264 2495 2351 2549 30.
2397 2495 2544 2547 Viam
2582 2496 2810 2548 veritatis
2850 2495 2998 2563 elegi,
3030 2496 3235 2567 judicia
3277 2504 3368 2548 tua
3414 2510 3515 2547 non

1986 2602 2099 2639 sum
2125 2585 2331 2639 oblitus.
2359 2584 2511 2639 Hunc
2536 2587 2749 2654 quidem
2773 2600 2986 2639 versum
3012 2586 3098 2639 ille
3117 2594 3322 2638 tantum
3350 2586 3515 2649 dicet,

1986 2679 2075 2745 qui
2108 2692 2169 2731 ea
2194 2693 2313 2745 qua:
2342 2677 2441 2731 sub
2470 2686 2743 2745 aspectum
2773 2677 2992 2741 cadunt,
3028 2683 3279 2744 tanquam
3315 2684 3517 2745 tempo-

1982 2782 2143 2820 ranea
2169 2768 2427 2835 despicit;
2453 2768 2739 2831 invisibilia
2779 2774 2977 2829 autem,
3018 2775 3076 2821 ut
3105 2765 3428 2834 sempiterna
3452 2780 3518 2820 ac

1986 2859 2097 2912 sola
2120 2873 2269 2923 vera,
2314 2860 2727 2928 contemplatur,
2762 2866 2816 2913 et
2844 2859 2909 2912 ad
2943 2859 3032 2912 illa
3070 2858 3306 2912 festinat.
3337 2856 3518 2928 Siqui-

1987 2950 2106 3003 dem
2150 2951 2239 3002 illa
2279 2948 2518 3006 veritatis
2546 2952 2629 3004 via
2681 2966 2786 3005 non
2821 2959 2921 3013 est,
2967 2966 3129 3021 quam
3165 2950 3313 3018 eligit
3338 2951 3384 3003 is
3424 2950 3523 3013 qui

1985 3046 2228 3092 terrenas
2261 3036 2477 3092 divitias
2514 3054 2574 3091 ac
2613 3040 2795 3092 mundi
2842 3039 3065 3109 gloriam
3109 3045 3367 3092 sectatur.
3409 3038 3512 3103 Qui

1987 3128 2166 3197 igitur,
2198 3134 2258 3181 ut
2282 3128 2536 3191 diximus,
2564 3129 2615 3181 in
2644 3129 2882 3184 veritatis
2914 3130 2998 3182 via
3036 3128 3280 3184 incedere
3299 3136 3518 3198 coopta-

355 3208 638 3281 θανόμενος
666 3213 770 3264 τῶν
803 3214 1079 3283 χριμάτων
1099 3213 1199 3268 ’τοῦ
1231 3215 1362 3269 Θεοῦ
1393 3218 1483 3270 καὶ
1514 3216 1620 3270 τῶν
1655 3221 1886 3273 ἀνταπο-

1922 3229 1954 3286 c
1986 3218 2082 3281 vit,
2107 3216 2193 3269 hic
2215 3232 2322 3271 non
2344 3216 2620 3271 immemor
2644 3217 2967 3284 iudiciorum
2998 3216 3112 3279 Dei,
3133 3226 3187 3271 et
3212 3216 3518 3272 retributio-

352 3299 547 3355 δόσεων
574 3302 734 3355 αὐτοῦ
762 3303 821 3355 τὸ
844 3304 1075 3357 τοιοῦτον
1099 3307 1342 3375 πράττει.
1387 3308 1445 3361 Ὀ
1469 3308 1761 3379 φιλαλήθης
1796 3311 1887 3363 καὶ

357 3392 559 3461 μήποτε
584 3393 864 3462 προφέρων
886 3393 1051 3463 ψευδῆ
1072 3395 1222 3462 λόγον
1241 3396 1328 3449 διά
1354 3397 1614 3466 στόματος
1635 3398 1773 3451 εἴποι
1799 3398 1883 3452 ἄν·

366 3478 529 3533 Ὁδὸν
562 3482 839 3547 ἀληθείας
872 3483 1249 3553 ᾐρετισάμην.
1313 3484 1468 3538 Ἀλλά
1497 3489 1585 3539 καὶ
1609 3487 1637 3537 ὀ
1666 3487 1889 3540 διαπαν-

353 3571 440 3637 τδς
482 3573 587 3644 πρὸ
628 3573 913 3644 ὀφθαλμῶν
955 3575 1228 3645 τιθέμενος
1260 3577 1327 3629 τά
1355 3576 1448 3630 τοῦ
1481 3578 1611 3631 Θεοῦ
1653 3580 1889 3651 κρίματα

354 3660 447 3713 καὶ
479 3660 569 3713 irit
604 3660 749 3732 πάσῃ
796 3661 987 3733 πράξει
1026 3664 1361 3735 μεμνημένος
1406 3667 1581 3723 αὐτῶν
1628 3669 1769 3740 ἑρεῖ·
1810 3668 1890 3725 Τὰ

354 3748 603 3817 κρίματά
627 3765 741 3817 σου
775 3753 885 3806 οὐκ
916 3754 1289 3823 ἐπελαθόμην

434 3839 795 3907 Ἐκολλήθην
819 3842 938 3908 τοῖς
962 3846 1299 3912 μαρτυρίοις
1328 3860 1459 3907 σου,
1493 3849 1683 3914 Κύριε,
1708 3847 1791 3917 μή
1814 3862 1894 3916 με

353 3930 770 3995 καταισχύνῃς.
808 3929 1131 3998 Κεκόλληται
1158 3933 1270 3994 τοῖς
1295 3932 1605 4003 μαρτυρίοις
1632 3936 1661 3989 ό
1690 3936 1781 3987 ἐπὶ
1802 3934 1890 3987 λό-

352 4030 470 4083 γοις
491 4017 601 4078 τοῖς
627 4016 751 4086 περὶ
779 4015 1001 4086 οὐρανοῦ
1028 4018 1118 4068 καί
1146 4017 1265 4087 γῆς,
1297 4020 1329 4088 ἢ
1361 4036 1499 4083 τινος
1521 4020 1625 4073 τῶν
1652 4038 1891 4093 γεγραμ-

356 4102 528 4172 μένων
572 4103 1009 4173 παραδεδομένας
1061 4104 1192 4157 ἑνῶν
1240 4107 1446 4169 ἑαυτὸν,
1497 4108 1589 4161 καὶ
1634 4111 1890 4181 μηδαμῶς

267 4230 279 4238 .
357 4189 524 4243 τύτῶν
543 4192 877 4260 ἀφεστηκώς.
906 4187 1068 4256 Οὗτος
1100 4196 1192 4247 καὶ
1221 4195 1485 4268 θαρρείτω
1511 4197 1609 4250 κᾶν
1634 4200 1891 4271 πρότερον

356 4280 487 4351 ι’ργα
514 4279 767 4350 αἰσχύνης
795 4280 1097 4350 πεποιηκώς
1126 4300 1140 4313 ·
1186 4283 1220 4353 ἢ
1264 4285 1355 4338 καὶ
1386 4286 1596 4339 αἰτείτω
1627 4288 1890 4355 ἀπὸ·Θωῦ

358 4372 562 4437 ιφεσιν,
612 4372 703 4425 καί¹
742 4372 959 4439 λεγέτω·
986 4374 1177 4439 Κύριε,
1229 4374 1310 4441 μή
1350 4392 1424 4446 με
1474 4379 1887 4445 καταισχύνῃς.

362 4463 536 4517 Ὀδὸν
555 4462 813 4516 ἐντολῶν
831 4478 943 4516 σου
966 4463 1237 4531 ἔδραμον,
1261 4464 1401 4518 ὅταν
1424 4465 1757 4530 ἐπλάτυνας
1781 4466 1891 4533 τὴν

353 4550 599 4619 καρδίαν
620 4555 754 4619 μού.
784 4552 1090 4622 Διέδραμον,
1121 4555 1298 4622 φησὶν,
1328 4557 1383 4605 ὲν
1412 4555 1597 4623 βραχεῖ
1630 4556 1799 4625 χρόνῳ
1826 4556 1887 4608 οὐ

358 4640 484 4709 μιᾶς
515 4638 747 4708 ἐντολῆς,
776 4636 909 4694 ἀλλά
934 4641 1118 4699 ¹πασῶν
1160 4644 1382 4694 ἐντολῶν
1414 4659 1503 4693 σου
1538 4643 1633 4713 τὴν
1661 4644 1774 4696 ὁδὸν
1803 4645 1888 4715 ἐρ-

354 4744 469 4794 γοις
493 4726 769 4793 ἔπιτελῶν,
802 4731 892 4782 καὶ
918 4731 1105 4793 αὐταῖς
1140 4732 1363 4800 πράξεσι
1384 4732 1451 4783 τά
1484 4733 1585 4785 ὑπὸ
1612 4734 1716 4784 τῶν
1746 4735 1888 4786 ἐντο-

354 4814 459 4868 λῶν
490 4833 578 4869 σου
610 4815 1013 4886 διηγορευμένα.
1041 4819 1195 4871 Ὅθεν
1228 4820 1319 4871 καὶ
1356 4819 1580 4884 Παῦλος,
1604 4821 1892 4884 τετελεκὼς

353 4907 528 4971 τοῦτο,
558 4905 707 4977 φησί’
745 4906 853 4959 Τὸν
876 4906 1092 4975 δρόμον
1122 4909 1414 4972 τετέλεκα,
1449 4910 1559 4978 τὴν
1582 4912 1781 4964 πίστιν
1802 4929 1890 4965 te-

355 4994 597 5063 τήρηκα.

424 5080 833 5150 Νομοθέτησόν
843 5098 938 5150 με,
990 5089 1179 5151 Κύριε,
1210 5085 1321 5153 τὴν
1353 5086 1492 5140 ὁδὸν
1521 5089 1634 5141 τῶν
1665 5087 1891 5141 δικαιω-

354 5169 554 5238 μάτων
575 5187 708 5224 σουσ
750 5170 845 5223 καί
888 5170 1185 5241 ἐκζητήσω
1226 5174 1416 5244 αὐτὴν
1442 5178 1771 5243 διαπαντός.
1810 5179 1890 5231 Τὰ

362 5255 459 5325 μὲν
486 5258 592 5330 γὰρ
624 5260 770 5331 παρά
795 5258 884 5312 τοῦ
918 5260 1047 5314 Θεοῦ
1078 5264 1233 5325 αἰτεῖ,
1258 5263 1319 5317 τὸ
1346 5265 1400 5319 δὲ
1430 5266 1806 5335 ἐπαγγέλλεται
1831 5267 1887 5333 ἐξ

361 5345 549 5398 ἑαυτοῦ
572 5349 950 5421 συνεισφέρειν.
979 5350 1047 5403 Σὺ
1069 5352 1163 5420 μὲν
1179 5353 1305 5423 γάρ,
1338 5357 1516 5425 φησιν,
1533 5350 1778 5427 ὧΚύριε,
1805 5374 1888 5408 νο-

364 5431 653 5503 priet-madv
690 5451 755 5505 με
785 5436 880 5507 την
908 5436 1020 5489 ὁδὸν
1044 5437 1150 5490 τῶν
1173 5439 1542 5512 δικαιωμάτων
1570 5460 1679 5496 σου·
1706 5441 1812 5510 ἐγὼ
1830 5442 1886 5495 δὲ

361 5522 451 5576 τὸν
476 5524 573 5593 τῆς
597 5526 738 5597 ζωῆς
766 5546 863 5599 μου
912 5529 1122 5584 ἃπαντα
1162 5531 1343 5603 χρόνον
1371 5533 1611 5588 ιπιδὼσω
1656 5535 1713 5589 ἐν
1740 5532 1885 5603 αὐτῷ

362 5613 451 5695 αις
467 5613 787 5688 ἀναζήτησιν
815 5620 997 5691 αὐτῆς.

430 5761 457 5801 ⁸
484 5762 528 5819 ιι
559 5762 694 5822 Tim.
731 5783 802 5824 tv.
837 5769 888 5821 7.

1985 3322 2112 3361 num
2144 3307 2282 3373 ejus,
2313 3323 2377 3360 eo
2407 3322 2526 3360 sese
2555 3308 2712 3360 modo
2749 3308 2903 3377 gerit.
2932 3306 3031 3372 Qui
3068 3307 3303 3361 veritatis
3329 3319 3517 3361 amans

1984 3406 2088 3460 est,
2106 3404 2173 3461 et,
2190 3397 2466 3450 mendacia
2492 3412 2585 3451 ore
2614 3412 2712 3451 suo
2728 3410 3009 3465 nunquam
3039 3395 3259 3465 profert,
3282 3395 3515 3449 dixerit:

1998 3485 2144 3539 Viam
2172 3487 2402 3539 ueritatis
2429 3487 2575 3554 elegi.
2614 3484 2718 3540 Sed
2745 3486 2906 3540 etiam
2930 3486 3019 3555 qui
3055 3485 3145 3540 Dei
3172 3484 3374 3554 judicia
3408 3499 3517 3555 pra

1985 3576 2157 3632 oculis
2194 3577 2599 3649 semper‘habet
2638 3587 2690 3630 et
2717 3578 2769 3629 in
2813 3578 2960 3631 omni
2988 3591 3146 3646 opere
3190 3590 3289 3629 suo
3328 3590 3515 3631 eorum

1985 3667 2245 3733 meminit,
2269 3667 2442 3721 dicet:
2471 3665 2682 3719 Iudicia
2712 3676 2803 3719 tua
2833 3683 2932 3719 non
2958 3682 3069 3721 sum
3099 3665 3301 3719 oblitus.

2054 3830 2327 3906 νεηδι,
2374 3841 2463 3896 '52.
2511 3841 2723 3895 Adluzsi
2753 3843 3055 3896 testimoniis
3102 3843 3227 3905 tuis,
3277 3839 3516 3904 Domine,

1986 3932 2093 3985 noli
2121 3946 2200 3985 me
2253 3931 2580 3998 confundere.
2630 3932 2725 3985 Ille
2781 3932 3099 3986 testimoniis
3141 3931 3395 4005 adhaeret,
3421 3932 3523 4001 qui

1988 4020 2326 4076 sermonibus
2366 4020 2431 4075 de
2466 4021 2603 4076 caelo
2630 4028 2681 4075 et
2713 4024 2876 4083 terra,
2906 4020 2988 4074 vel
3016 4021 3205 4088 quavis
3232 4022 3333 4074 alia
3361 4020 3427 4076 de
3458 4036 3518 4077 re

1988 4113 2185 4181 scripto
2211 4112 2421 4165 traditis
2447 4126 2565 4167 sese
2594 4110 2810 4173 addicit,
2842 4117 2895 4164 et
2922 4110 3225 4165 nullatenus
3253 4112 3320 4166 ab
3345 4111 3412 4165 iis
3440 4127 3518 4167 re-

1988 4201 2147 4256 cedit.
2191 4200 2289 4255 Hic
2319 4216 2445 4255 vero
2480 4201 2731 4261 confidat,
2780 4202 2904 4255 licet
2951 4199 3101 4269 prius
3142 4214 3303 4269 opera
3339 4201 3516 4269 turpia

1988 4291 2337 4362 perpetrarit;
2362 4293 2473 4347 sive
2492 4290 2649 4345 etiam
2680 4292 2907 4359 postulet
2935 4304 2963 4342 a
2994 4288 3101 4344 Deo
3124 4304 3515 4355 remissionem,

1988 4389 2042 4435 et
2068 4380 2213 4435 dicat
2240 4399 2252 4434 :
2284 4378 2519 4440 Domine,
2554 4378 2659 4431 noli
2700 4394 2779 4431 me
2807 4371 3136 4446 conﬁmdere.
3184 4375 3331 4429 Viam
3363 4393 3517 4430 man-

1988 4467 2231 4522 datorum
2274 4475 2476 4521 tuorum
2516 4465 2741 4527 cucurri,
2774 4482 2887 4517 cum
2925 4464 3164 4518 dilatasti
3208 4481 3294 4517 cor
3326 4481 3511 4518 meum.

1922 4534 2161 4623 DBrevi,
2194 4557 2397 4625 inquit,
2446 4563 2680 4622 tempore
2720 4553 3001 4607 decucurri
3046 4568 3151 4607 non
3199 4555 3376 4615 unius,
3420 4554 3541 4607 sed.

1985 4649 2220 4705 omnium
2252 4644 2620 4699 mandatorum
2649 4652 2861 4697 tuorum
2888 4645 3046 4703 viam.
3070 4644 3322 4713 operibus
3347 4650 3400 4697 et
3424 4658 3535 4703 ac-.

1986 4737 2377 4791 tionibus‘meis
2396 4750 2458 4789 ea
2478 4736 2774 4803 complens,
2796 4750 2915 4803 quae
2934 4734 3199 4788 mandatis
3220 4733 3327 4787 tuis
3345 4748 3517 4788 enun-

1984 4828 2198 4880 tiantur.
2223 4823 2575 4889 Quamobrem
2598 4822 2794 4879 Paulus
2819 4839 2939 4878 cum
2972 4839 3033 4877 ea
3067 4831 3513 4886 consummasset,

1985 4914 2058 4968 ait
2091 4930 2103 4963 :
2142 4911 2364 4966 Cursum
2394 4912 2765 4977 consummaui,
2800 4910 2952 4977 ﬁdem
2980 4912 3237 4966 servari’.

2064 5093 2218 5137 Vens.
2244 5083 2331 5136 33.
2365 5081 2544 5153 Legem
2583 5098 2712 5151 pone
2740 5083 2885 5142 mihi,
2916 5080 3150 5143 Domine,
3197 5082 3332 5135 uiam
3354 5081 3515 5149 justi-

1988 5174 2283 5241 ﬁcationum
2316 5180 2543 5236 tuarum,
2575 5166 2624 5227 et
2657 5172 2923 5242 exquiram
2956 5186 3068 5223 eam
3103 5186 3317 5236 semper.
3355 5169 3514 5225 Aliud

1989 5278 2018 5316 a
2054 5262 2161 5316 Deo
2192 5262 2343 5331 petit,
2377 5263 2521 5317 aliud
2555 5278 2622 5318 ex
2644 5268 2793 5332 parte
2820 5274 2915 5315 sua
2944 5274 3004 5316 se
3043 5260 3357 5313 collaturum
3385 5272 3513 5327 pro.

1987 5352 2168 5407 mittit.
2197 5349 2275 5404 Tu
2312 5353 2473 5415 enim,
2508 5352 2700 5420 inquit,
2736 5349 2977 5413 Domine,
3026 5349 3193 5418 legem
3219 5362 3354 5415 pone
3381 5340 3512 5413 mihi

1987 5445 2124 5499 viam
2153 5443 2596 5512 iustiﬁcationum
2626 5450 2837 5495 tuarum
2873 5426 3014 5513 {ego
3042 5447 3217 5491 autem
3256 5442 3367 5491 tato
3391 5438 3514 5493 vita

1944 5610 1953 5615 ι
1986 5548 2116 5591 meae
2145 5541 2384 5604 tempore
2413 5533 2468 5587 in
2494 5531 2610 5601 ejus
2638 5528 2981 5599 inquisitione
3004 5525 3307 5597 persistam.
