4318 6402
758 468 910 525 1'57!

1447 420 1712 524 EIiSEBIl
1747 467 2215 523 CESARIENSIS
2251 467 2398 523 OPP.
2421 468 2597 522 PARS
2635 467 2721 522 Ill.
2759 496 2826 508 —
2864 465 3263 522 EXEGETICA.

3829 467 3971 525 i373

846 574 1011 631 VI-IRS.
1045 577 1129 631 '51.
1162 576 1240 629 Da
1270 578 1395 629 mihi
1425 578 1757 635 intellectum.
1790 590 1837 631 et
1865 578 2138 632 scrutabor
2161 578 2320 647 legem
2349 583 2391 635 Α
2487 579 2551 629 Σι

2263 594 2320 629 ἠι
2349 583 2391 635 Α
2487 575 2811 629 Συνέτισόν
2830 593 2925 644 με,
2961 577 3056 629 καὶ
3081 575 3451 643 ἐξερευνήσω
3488 577 3594 631 τὸν
3618 580 3803 649 νόμον
3832 594 3968 642 σου,

784 673 947 727 tuam,
991 675 1037 716 et
1072 666 1355 717 custodiam
1409 664 1557 717 illam
1604 667 1657 718 in
1699 676 1804 720 toto
1836 667 1987 720 corde
2028 684 2158 720 meo.
2191 665 2318 719 Vult

783 756 1036 824 prOpheta
1071 757 1237 825 legem
1275 756 1367 810 Dei
1406 758 1658 819 scrutari,
1689 774 1888 828 gnarus
1918 774 2036 813 eam
2068 772 2173 812 non
2212 760 2324 812 cla-

784 858 899 895 ram
932 852 983 898 et
1019 856 1173 914 captu
1208 844 1440 898 facilem.
1493 843 1673 915 Itaque
1715 846 1782 899 da
1812 847 1943 900 mihi
1973 847 2322 909 intellectum,

788 937 878 1000 ait,
910 949 967 990 ut
1007 937 1322 1006 congruenti
1351 950 1473 989 cum
1506 936 1751 991 examine
1795 944 1847 991 et
1885 939 2178 991 attentione
2205 952 2327 1005 pcr-

786 1026 991 1094 quiram
1038 1026 1211 1089 illam;
1242 1032 1299 1077 ut
1327 1040 1392 1078 ex
1438 1024 1528 1077 illa
1558 1041 1733 1079 rerum
1759 1042 1895 1095 quas
1921 1027 2004 1079 vel
2050 1041 2207 1095 agere
2247 1026 2326 1079 vel

785 1114 1133 1184 contemplari
1160 1128 1295 1181 opus
1322 1121 1421 1176 est,
1450 1128 1607 1166 usum
1656 1122 1981 1185 captumque
2020 1128 2275 1181 assequar
2311 1132 2322 1165 :

786 1207 865 1259 sic
896 1220 1126 1272 namque
1158 1214 1342 1271 potero
1371 1218 1487 1257 eam
1522 1204 1575 1255 in
1603 1210 1715 1255 toto
1744 1202 1905 1255 corde
1935 1204 2232 1265 custodire,
2266 1218 2329 1255 ac

787 1296 903 1349 sine
924 1294 1261 1348 dubitatione
1284 1293 1429 1348 adire
1455 1295 1619 1346 illam.
1646 1292 1797 1356 Quod
1823 1294 1866 1347 si
1898 1294 2168 1347 intellectu
2196 1309 2330 1362 opus

689 1384 693 1389 ’
788 1385 855 1437 sit
884 1393 941 1437 ut
971 1385 1136 1453 legem
1166 1384 1427 1437 duntaxat
1454 1383 1733 1443 scruteris,
1763 1391 2014 1450 quantam
2048 1396 2078 1435 a
2121 1382 2225 1436 Deo
2251 1383 2331 1435 in-

788 1475 1136 1543 telligentiam
1166 1462 1573 1544 accipereopus
1600 1475 1785 1531 habes.
1815 1484 1871 1528 ut
1906 1475 2064 1527 tinem
2101 1475 2217 1542 ejus
2249 1491 2333 1528 re-

789 1564 1003 1632 perias‘?

738 1648 741 1653 ’
859 1651 1022 1706 Vens.
1053 1654 1140 1707 55.
1186 1653 1357 1705 Deduc
1389 1670 1466 1706 me
1497 1654 1549 1705 in
1576 1655 1809 1706 semitam
1836 1656 2199 1705 mandatorum
2228 1664 2338 1704 tuo-

793 1759 928 1805 rum,
958 1744 1083 1812 quia
1113 1744 1279 1809 ipsam
1298 1744 1468 1809 volui.
1497 1741 1596 1795 Hic
1619 1745 1858 1796 semitam
1894 1759 1988 1811 pro
2018 1745 2133 1811 lege
2162 1743 2291 1795 dicit
2320 1761 2332 1795 :

790 1847 915 1885 nam
958 1830 1333 1886 mandatorum
1368 1834 1556 1886 semita
1585 1834 1829 1901 quaedam
1860 1841 1960 1887 est.
2007 1831 2209 1887 Semita
2240 1848 2335 1883 au-

790 1932 899 1977 tem
931 1924 1130 1977 dicitur
1158 1924 1237 1976 via
1272 1926 1420 1985 trita,
1472 1924 1526 1977 in
1556 1939 1659 1993 qua
1692 1924 1845 1976 multi
1893 1933 2014 1977 ante
2059 1937 2157 1977 nos
2202 1922 2335 1990 justi
2374 1894 2412 1946 Β

793 2014 1187 2085 ambularnnt._
1206 2014 1260 2069 Si
1288 2018 1409 2083 quis
1448 2026 1625 2070 autem
1650 2016 1798 2084 justo
1827 2016 1963 2069 duce
1991 2030 2096 2067 non
2135 2022 2335 2078 utatur,

794 2118 900 2156 non
928 2110 1100 2170 potest
1117 2105 1427 2182 secundum
1462 2110 1722 2173 praecepta
1752 2102 1845 2156 Dei
1887 2102 2179 2155 ambulare.
2206 2100 2336 2153 Nam

795 2192 996 2247 Christi
1053 2207 1153 2247 nos
1208 2193 1505 2249 imitatores
1563 2208 1703 2255 esse,
1749 2207 1812 2246 ac
1855 2193 2045 2252 tollere
2100 2206 2336 2255 crucem,

799 2284 1082 2352 ipsumque
1123 2284 1274 2352 sequi
1315 2290 1546 2350 oportet.

867 2372 1033 2427 Vens.
1064 2373 1133 2428 56
1153 2371 1513 2427 -40.·Ιηειὶηα
1535 2389 1623 2426 cor
1648 2388 1815 2425 meum
1836 2373 1889 2424 in
1912 2371 2204 2424 testimonia
2230 2380 2340 2433 tua,
2402 2388 2405 2389 '

798 2474 847 2517 et
882 2460 1071 2516 'non'iu
1104 2464 1398 2516 avaritiam.
1433 2464 1618 2516 Averte
1664 2462 1838 2517 oculos
1875 2479 2011 2515 meos
2046 2480 2106 2515 ne
2134 2462 2343 2514 videant

800 2555 1113 2615 vanitatem;
1145 2556 1197 2606 in
1232 2555 1312 2608 via
1352 2564 1440 2607 tua
1473 2555 1671 2622 vivi/ica
1720 2570 1817 2607 me.
1864 2552 2047 2608 Statue
2074 2570 2218 2605 servo
2257 2564 2345 2605 tuo

800 2644 1055 2713 eloquium
1098 2656 1240 2697 tuum
1281 2648 1333 2697 in
1367 2646 1549 2697 timore
1594 2654 1702 2698 tuo.
1750 2648 1977 2712 Amputa
2018 2645 2348 2713 opprobrium

803 2751 970 2787 meum
993 2733 1126 2803 quod
1149 2736 1440 2803 suspicatus
1463 2750 1599 2795 sum,
1625 2734 1745 2803 quia
1762 2734 1967 2803 judicia
1989 2745 2078 2788 tua
2089 2735 2346 2803 jucunda.

808 2825 938 2880 Ecce
965 2827 1226 2893 concupiui
1256 2825 1505 2878 mandata
1552 2826 1660 2887 tua,
1701 2827 1753 2877 in
1791 2826 2004 2893 justitia
2036 2835 2123 2879 tua
2152 2826 2351 2892 viviﬁca

796 2931 905 2967 sne.
942 2913 1133 2969 Omnia
1162 2915 1227 2968 ad
1262 2915 1425 2970 Deum
1458 2915 1558 2968 viri
1590 2917 1759 2969 sancti
1796 2915 2057 2977 referunt,
2094 2914 2352 2967 docentes

808 3006 944 3057 nihil
972 3020 1072 3057 nos
1105 3008 1223 3059 sine
1252 3005 1360 3059 Deo
1385 3020 1563 3074 posse.
1598 3004 1714 3059 Nisi
1744 3007 1881 3057 enim
1920 3006 1972 3057 in
2001 3021 2077 3055 me
2104 3005 2355 3056 manseri-

812 3095 901 3156 tis,
929 3094 1122 3162 inquit,
1154 3093 1283 3146 nihil
1307 3097 1517 3162 potestis
1541 3094 1710 3163 facere
1738 3096 1800 3148 ¹⁰.
1835 3092 1941 3147 Sed
1971 3092 2198 3148 fortasse
2220 3108 2357 3146 non-

2421 669 2520 720 καὶ
2565 667 2809 736 φυλάξω
2835 670 3018 724 αὑτὸν
3052 669 3120 721 ἐν
3147 669 3257 737 ὅλῃ
3287 670 3495 737 καρδίᾳ
3536 689 3673 740 μου.
3718 670 3972 727 Βούλεται

2422 758 2764 828 ὲξερευνῆσαι
2792 759 2881 810 τὸν
2921 758 3079 828 νόμον
3107 759 3198 811 τοῦ
3231 759 3364 813 Θεοῦ
3389 763 3417 814 ὀ
3449 762 3727 832 προφήτης
3754 761 3976 814 ἐπιστά-

2427 865 2600 916 μενος,
2627 848 2707 899 ὅτι
2738 849 2834 899 οῦκ
2864 847 2976 900 ἔστι
3003 850 3174 919 σαφὴς
3200 850 3293 901 καὶ
3319 852 3800 924 εὐκαταφράνητος.
3846 855 3972 905 Συν-

2426 938 2596 990 έτισόν
2616 955 2679 1007 με
2696 938 2889 1000 τοίνυν,
2903 938 2989 991 ἵνα
3003 940 3216 1008 ζητήσω
3232 940 3387 993 αὐτὸν
3404 942 3538 1011 μετὰ
3553 943 3648 1012 τῆς
3661 944 3973 1014 πρεπούσης

2426 1028 2649 1097 ἐρεύνης
2675 1030 2767 1081 καὶ
2790 1029 3127 1095 ἐπιστασίας,
3148 1030 3222 1092 ὡς
3250 1030 3308 1094 ἐξ
3333 1032 3492 1084 αὑτοῦ
3514 1033 3691 1086 λαϐεῖν
3714 1034 3820 1088 τῶν
3840 1051 3979 1102 πρα-

2428 1120 2595 1172 κτέων
2624 1120 2713 1172 καὶ
2736 1118 3018 1191 Θεωρητῶν
3041 1121 3139 1190 τὴν
3162 1121 3351 1190 χρῆσιν
3378 1123 3467 1182 καὶ
3494 1124 3809 1194 natanti/tv
3840 1124 3980 1177 οῦτω

2428 1210 2535 1280 γὰρ
2566 1210 2859 1279 δυνήσομαι
2892 1210 3117 1279 φυλάξαι
3167 1212 3325 1265 αὐτὸν
3359 1213 3415 1264 ὲν
3458 1213 3551 1283 ὅλῃ
3597 1216 3788 1287 καρδίᾳ
3827 1215 3979 1268 ἀνενι

2428 1301 2687 1363 δοιάστως
2706 1301 2850 1370 αὐτῷ
2876 1304 3324 1373 προσερχόμενος.
3360 1303 3421 1355 El
3449 1303 3504 1355 δὲ
3527 1305 3790 1369 συνέσεως
3814 1306 3982 1358 δεῖται

2431 1390 2515 1441 ἵνα
2544 1391 2695 1459 μόνον
2722 1394 2983 1463 ὲρευνήσῃ
3014 1393 3101 1444 τὸν
3127 1393 3308 1462 νόμον,
3339 1393 3479 1456 τινος
3506 1394 3692 1458 δεῖται,
3721 1396 3985 1457 συνέσεως

2431 1480 2534 1532 ἀπὸ
2560 1480 2689 1531 Θεοῦ
2716 1480 3010 1553 διδομένης,
3036 1484 3120 1534 ἵνα
3151 1484 3281 1553 εῦρῃ
3308 1484 3367 1535 τὸ
3391 1484 3571 1548 τέλοςς

2516 1652 2838 1721 Ὀδήγησόν
2871 1670 2945 1720 με
2990 1654 3058 1706 ἐν
3097 1652 3170 1721 τῇ
3213 1655 3381 1720 τρίϐῳ
3422 1652 3538 1706 τῶν
3561 1653 3821 1707 ἐντολῶν
3847 1670 3983 1719 σου,

2436 1743 2522 1795 ὅτι
2552 1743 2743 1810 αὐτὴν
2762 1742 3047 1810 ἠθέλησα.
3101 1745 3215 1796 Ἵνα
3243 1744 3371 1815 εἴπῃ
3402 1744 3491 1796 τὸν
3522 1745 3700 1813 νόμον,
3743 1744 3989 1816 ἤτοιτὴν

2436 1835 2634 1904 τρίϐον·
2689 1834 2801 1886 ἐστι
2840 1834 2946 1903 γὰρ
2974 1834 3197 1887 ἐντολῶν
3227 1834 3428 1905 τρίϐος.
3458 1835 3651 1905 Τρίϐος
3680 1834 3736 1887 δὲ
3779 1834 3989 1903 λέγεται

2440 1927 2472 1994 ἡ
2503 1926 2828 1995 τετριμμένη
2862 1926 2994 1989 ὁδὸς,
3018 1927 3082 1995 ἢν
3115 1926 3295 1979 πολλοὶ
3320 1926 3423 1995 πρὸ
3444 1927 3596 1995 ἡμῶν
3625 1926 3991 1998 ἐπορεύθησαν

2440 2016 2545 2068 τῶν
2578 2015 2817 2067 δικαίων.
2859 2016 2981 2069 Ἐὰν
3014 2017 3068 2068 δέ
3094 2034 3175 2079 τις
3207 2018 3279 2088 μὴ
3304 2017 3480 2087 ὁδηγῷ
3507 2019 3771 2089 χρήσηται
3810 2018 3887 2087 τῷ
3916 2019 3994 2070 δι-

2442 2108 2596 2175 καίῳ,
2627 2107 2685 2158 οὐ
2712 2106 2926 2159 δύναται
2953 2108 3161 2160 ὁδεῦσαι
3190 2109 3329 2161 κατὰ
3358 2111 3454 2172 τὰς
3484 2109 3699 2172 ἐντολὰς
3720 2107 3814 2161 τοῦ
3837 2107 3971 2161 Θεοῦ
3994 2122 4004 2143 κ

2443 2196 2674 2266 Χριστοῦ
2702 2197 2807 2268 γὰρ
2832 2199 2972 2267 ἡμᾶς
3005 2198 3083 2250 δεῖ
3126 2199 3359 2265 γίνεσθαι
3400 2202 3657 2271 μιμητὰς,
3703 2199 3795 2254 καὶ
3824 2198 3995 2269 αἴρειν

2443 2288 2532 2339 τὸν
2557 2287 2801 2357 σταυρὸν,
2836 2289 2926 2341 καὶ
2956 2288 3259 2342 ἀκολουθεῖν
3288 2291 3459 2344 ὀπίσω
3498 2290 3658 2344 αὐτοῦ

2516 2377 2733 2431 Κλῖνον
2763 2377 2875 2445 τὴν
2914 2378 3161 2446 καρδίαν
3183 2396 3300 2447 μου
3338 2382 3424 2443 εἰς
3460 2380 3529 2433 τὰ
3546 2379 3835 2448 μαρτύριά
3860 2397 3996 2442 σου,

2449 2466 2543 2518 καὶ
2587 2468 2671 2535 μὴ
2717 2470 2803 2531 εὶς
2842 2467 3218 2533 πλεονεξίαν.
3267 2470 3675 2537 Ἀπόστρεψον
3715 2470 3857 2534 τοὺς
3898 2471 4001 2535 dg-

2449 2559 2709 2626 θαλμούς
2728 2576 2846 2627 μου
2874 2560 2977 2613 τοῦ
2998 2559 3082 2628 μὴ
3116 2559 3259 2613 ἰδεῖν
3280 2564 3657 2629 ματαιότητα·
3696 2561 3764 2613 ἐν
3785 2559 3860 2627 τῇ
3888 2558 4005 2624 ὀδῷ

2451 2662 2564 2701 σου
2602 2648 2784 2715 ζῆσόν
2817 2666 2911 2716 με.
2962 2650 3198 2718 Στῆσον
3234 2650 3313 2715 τῷ
3340 2650 3536 2720 δούλῳ
3552 2654 3677 2704 "o‘ov
3704 2648 3772 2703 τὸ
3799 2650 4007 2716 λόγιόν

2453 2754 2564 2790 σου
2602 2739 2687 2803 εις
2724 2738 2828 2791 τὸν
2866 2740 3049 2807 φόϐον
3080 2754 3215 2793 σου.
3258 2741 3499 2809 Περίελε
3532 2739 3638 2794 τὸν
3669 2740 4007 2809 ὀνειδισμῶν

2448 2845 2564 2896 μου
2592 2826 2661 2879 ὃν
2688 2826 3066 2891 ὑπώπτευσα,
3097 2829 3185 2882 ὅτι
3216 2829 3285 2882 τὰ
3321 2830 3569 2898 κρίματά
3608 2818 3722 2884 σοὶ)
3751 2827 3986 2899 χρηστά

2466 2916 2607 2969 Ἰδοὺ
2638 2916 2979 2985 ἐπεθύμησα
3002 2920 3106 2983 τὰς
3135 2919 3382 2985 ἐντολάς
3407 2935 3543 2983 σου,
3576 2921 3645 2973 ὲν
3681 2919 3755 2988 τῇ
3791 2920 4008 2973 δικαιο-

2458 3006 2617 3072 σύνῃ
2672 3022 2789 3059 σου
2845 3006 3025 3075 ζῆσόν
3055 3026 3148 3077 με.
3206 3010 3387 3062 Πάντα
3444 3011 3535 3063 ἐπὶ
3579 3010 3667 3063 τὸν
3716 3010 3846 3063 Θεον
3879 3010 4010 3061 ἀνα-

2460 3096 2705 3164 φέρουσιν
2734 3098 2781 3149 οἱ
2811 3098 2974 3165 ἅγιοι,
3016 3098 3345 3160 διδάσκοντες
3384 3101 3548 3169 ἡμᾶς,
3583 3100 3662 3152 ὅτι
3688 3102 3851 3170 χωρὶς
3879 3095 4011 3151 Θεοῦ

812 3198 971 3239 nemo
998 3184 1196 3239 dixerit
1246 3204 1259 3237 :
1294 3183 1351 3238 Si
1387 3186 1565 3238 omnia
1594 3186 1660 3239 ad
1692 3184 1860 3238 Deum
1908 3176 2233 3247 referuntur,
2266 3182 2356 3236 ubi
2386 3228 2427 3285 Ο
2459 3190 2517 3243 οὐ

2304 3182 2356 3235 bi
2386 3228 2427 3285 C
2459 3188 2605 3243 οὐδὲν
2620 3188 2909 3257 δυνάμεθα..
2946 3189 3084 3242 Ἐὰν
3102 3190 3208 3257 γὰρ
3226 3188 3311 3257 μὴ
3337 3189 3406 3243 ἐν
3430 3191 3577 3258 ἐμοὶ,
3604 3190 3755 3260 φησὶ,
3773 3189 4009 3256 μένητε.

813 3284 896 3330 est
933 3276 986 3329 id
1016 3275 1159 3344 quod
1190 3291 1320 3331 mea:
1352 3277 1623 3331 facultatis
1653 3277 1776 3330 est?
1803 3275 1899 3329 Sin
1934 3275 2132 3338 minus,
2157 3274 2359 3343 ubique
2390 3274 2427 3285 “’”
2460 3279 2518 3330 oi

2309 3289 2359 3329 te
2390 3274 2427 3285 “’”
2460 3276 2637 3330 οὐδὲν
2660 3276 2919 3329 δύνασθε
2942 3277 3150 3329 ποιεῖν.
3188 3277 3323 3329 Ἀλλ’
3343 3279 3469 3340 ἴσως
3493 3296 3574 3340 τις
3596 3280 3726 3349 ἐρεῖ’
3753 3279 3815 3330 Εἰ
3844 3277 4014 3330 πάντα

816 3380 945 3419 sane
980 3367 1167 3421 miscet
1188 3380 1249 3420 ea
1273 3382 1390 3436 quae
1420 3382 1449 3419 a
1475 3366 1585 3421 Deo
1618 3374 1745 3421 sunt
1775 3382 1897 3419 cum
1927 3367 1994 3421 iis
2037 3381 2155 3435 quae
2182 3366 2235 3418 in
2260 3379 2361 3417 no-
2461 3368 2521 3419 ἀν

2307 3379 2361 3417 ι)-
2461 3364 2785 3435 ἀναφέρεται
2812 3366 2902 3416 ἐπὶ
2929 3365 3017 3417 τὸν
3047 3365 3203 3431 Θεὸν,
3230 3364 3341 3421 ποῦ
3358 3366 3417 3418 τὸ
3442 3369 3525 3419 ἐπ’
3555 3368 3707 3436 spot;
3746 3368 3807 3420 Εἰ
3834 3369 3889 3420 δὲ
3919 3367 4012 3438 μὴ,

818 3466 932 3513 stra
971 3466 1097 3513 sunt
1132 3468 1419 3529 potestate.
1457 3460 1503 3511 Α
1541 3458 1653 3512 Deo
1684 3468 1830 3511 certe
1864 3457 1993 3511 illud
2019 3465 2101 3511 est
2136 3476 2149 3510 :
2182 3455 2363 3524 Legem
2464 3472 2523 3521 πο

2305 3472 2363 3507 rm
2464 3454 2731 3522 πανταχοῦ
2770 3454 3027 3520 ὲπέπλεξε
3078 3460 3189 3520 τοῖς
3230 3457 3336 3509 ἀπὸ
3369 3457 3460 3510 τοῦ
3491 3457 3623 3510 Θεοῦ
3659 3458 3727 3510 τὰ
3755 3459 3837 3528 ἐφ’
3865 3462 4010 3531 ἡμῖν.

818 3565 948 3625 pone
977 3550 1124 3611 mihi,
1160 3538 1398 3615 Domine,
1445 3550 1583 3602 viam
1622 3549 2067 3617 justiﬁcationum
2115 3548 2363 3611 tuarum;
2476 3545 2523 3595 Ἀ

2312 3564 2363 3611 ι;
2476 3544 2605 3595 Ἀπὸ
2641 3544 2733 3597 τοῦ
2779 3545 2912 3598 Θεοῦ
2955 3546 3033 3598 τό·
3084 3548 3499 3615 Νομοθέτησόν
3524 3566 3619 3618 με,
3665 3552 3875 3617 Κύριε,⁸
3906 3550 4017 3617 τὴν

821 3647 1127 3693 nostrarum
1153 3647 1328 3693 autem
1362 3640 1591 3707 partium
1640 3646 1724 3693 est
1754 3637 1885 3691 illud
1937 3656 1949 3691 :
2002 3636 2070 3689 Et
2099 3626 2367 3705 exquiram
2466 3633 2526 3685 όό

2317 3653 2367 3689 m
2466 3633 2606 3685 ὁδὸν
2631 3633 2747 3687 τῶν
2771 3634 3173 3705 δικαιωμάτων
3201 3653 3333 3691 σου
3366 3640 3426 3690 τὸ
3452 3640 3495 3692 δ’
3523 3641 3604 3707 ἐφ’
3632 3640 3903 3710 ἡμῖν·Καὶ
3923 3641 4020 3697 eat-

821 3747 937 3783 eam
966 3746 1180 3799 semper.
1215 3730 1256 3783 A
1292 3729 1398 3784 Deo
1430 3745 1642 3783 rursum
1674 3730 1885 3798 postulo
1918 3745 1929 3778 :
1966 3728 2043 3780 Da
2072 3726 2369 3803 mihiintel-

796 3808 1035 3884 lectum,
1072 3830 1120 3872 et
1145 3819 1416 3873 scrutabor
1450 3820 1609 3888 legem
1657 3830 1823 3882 tuam,
1853 3819 1917 3873 ad
1959 3834 2045 3874 me
2083 3834 2210 3874 vero
2246 3835 2371 3889 per-

827 3911 958 3964 tinet
973 3908 1121 3965 .illud
1152 3928 1165 3963 :
1193 3908 1261 3961 Et
1291 3909 1579 3962 custodiam
1610 3909 1758 3961 illam
1791 3911 1847 3961 in
1890 3918 1995 3962 toto
2040 3906 2193 3963 corde
2236 3926 2367 3963 meo.

829 3998 1012 4054 Tertio
1036 3998 1211 4053 itema
1234 3997 1341 4053 Deo
1374 3999 1424 4051 id
1466 4005 1658 4067 expeto
1686 4018 1698 4052 :
1730 3998 1905 4053 Deduc
1939 4016 2023 4052 me
2059 4000 2111 4051 in
2135 4000 2370 4052 semitam

831 4088 1197 4142 mandatorum
1227 4096 1430 4141 tuorum
1469 4102 1487 4140 :
1521 4087 1649 4156 quid
1688 4096 1865 4143 autem
1899 4089 1963 4141 ad
2013 4103 2094 4141 me
2128 4089 2375 4155 spectat?

832 4177 971 4243 Quia
1016 4179 1184 4245 ipsam
1216 4176 1373 4238 volui,
1405 4176 1652 4230 videlicet
1704 4177 1873 4245 legem
1907 4190 2068 4245 supra
2110 4191 2373 4228 memora-

834 4277 969 4333 tam;
1001 4269 1074 4321 ita
1102 4275 1161 4320 ut
1193 4274 1458 4337 petamus,
1481 4274 1538 4318 ut
1565 4281 1683 4335 quae
1710 4281 1739 4319 a
1767 4264 1875 4320 Deo
1905 4275 2032 4330 sunt
2060 4266 2238 4320 adsint
2279 4280 2401 4317 [ιο-η

794 4384 798 4391 ·
836 4356 940 4420 bis,
966 4372 1029 4411 ea
1054 4358 1427 4427 promittentes
1454 4370 1572 4424 qua:
1593 4361 1793 4409 nostra:
1818 4354 2090 4408 facultatis
2118 4364 2261 4414 sunt,
2292 4369 2381 4407 ne-

838 4460 942 4513 que
985 4432 1145 4517 l‘rrita'
1170 4446 1261 4499 illa
1307 4444 1589 4508 facientes,
1621 4458 1688 4496 ne
1713 4450 1868 4512 pacta
1897 4459 2019 4495 cum
2056 4442 2161 4496 Deo
2196 4450 2379 4495 nostra

784 4566 809 4583 π
838 4538 1114 4591 violemus.

912 4627 1071 4682 Vens.
1099 4628 1207 4679 41-
1225 4626 1311 4678 48.
1340 4625 1404 4677 Et
1428 4625 1595 4678 veniat
1617 4637 1768 4689 super
1784 4636 1861 4673 me
1889 4622 2242 4673 misericordia
2267 4630 2385 4683 tua,

804 4762 808 4766 .
844 4721 1080 4781 Domine,
1117 4719 1349 4772 salutare
1380 4726 1524 4768 tuum
1556 4711 1833 4766 secundum
1873 4710 2078 4779 verbum
2114 4720 2277 4766 tuum.
2321 4711 2387 4765 Et

847 4809 1157 4878 respondebo
1183 4804 1615 4875 exprobrantibus
1636 4801 1762 4854 mihi
1791 4799 2018 4863 verbum,
2047 4802 2169 4885 quia
2191 4802 2390 4868 speravi

802 4910 817 4926 '
850 4901 901 4951 in
931 4898 1249 4952 sermonibus
1280 4897 1401 4949 tuis.
1432 4894 1501 4947 Et
1534 4910 1595 4948 ne
1618 4893 1826 4961 auferas
1850 4890 1911 4943 de
1932 4906 2017 4943 ore
2046 4906 2157 4944 meo
2186 4890 2390 4944 verbum

849 4991 1081 5045 Ueritatis
1116 5003 1273 5056 usque
1302 4982 1470 5048 valde,
1504 4986 1625 5053 quia
1661 4985 1712 5035 in
1746 4982 1966 5050 judiciis
1992 4981 2094 5034 tuis
2126 4996 2390 5050 superspe—

856 5080 984 5132 ravi.
1028 5077 1093 5129 Et
1132 5076 1420 5129 custodiam
1451 5074 1607 5141 legem
1645 5080 1783 5125 tuam
1812 5086 2027 5139 semper,
2058 5071 2113 5122 in
2146 5070 2393 5123 saxulum

855 5181 903 5223 et
938 5171 991 5221 in
1026 5167 1274 5221 steculum
1306 5163 1503 5219 swculi.
1534 5162 1602 5216 Et
1632 5163 1963 5217 ambulabant
2001 5164 2055 5216 in
2096 5162 2392 5226 latitudine,

858 5261 981 5330 quia
1003 5258 1255 5310 mandata
1290 5268 1379 5310 tua
1403 5255 1671 5324 exquisivi.
1700 5251 1779 5313 Et
1810 5256 2050 5325 loquebar
2083 5256 2136 5307 in
2167 5254 2398 5328 testimo-

860 5354 959 5408 niis
988 5352 1090 5405 tuis
1148 5351 1203 5402 in
1248 5359 1518 5417 conspectu
1560 5364 1754 5417 regum,
1790 5357 1837 5400 et
1890 5364 1989 5399 non
2023 5343 2395 5414 confundebar.

862 5444 974 5498 [loc
998 5438 1219 5513 pulchre
1238 5439 1578 5510 quadraverit
1601 5440 1655 5493 in
1678 5453 1798 5493 eum
1821 5438 1911 5507 qui
1935 5437 1999 5489 ad
2028 5450 2221 5489 nomen
2244 5431 2402 5488 Chri-

2464 3722 2695 3791 ζητήσω
2728 3726 2919 3794 αὐτὴν
2960 3728 3295 3793 διαπαντός.
3342 3729 3472 3781 Ἀπὸ
3503 3728 3635 3781 Θεοῦ
3669 3730 3802 3782 αἰτῶ
3836 3730 4015 3783 πάλιν·

2467 3812 2795 3868 Συνέτισόν
2831 3832 2926 3884 με,
2963 3816 3061 3870 καὶ
3094 3815 3464 3884 ἐξερευνήσω
3502 3817 3606 3871 τὸν
3656 3820 3843 3887 νόμον
3882 3836 4019 3874 σου.

2470 3904 2541 3956 Τὸ
2570 3904 2614 3956 δ’
2648 3904 2732 3957 ἐπ’
2762 3906 2901 3975 ἐμοί·
2933 3907 3040 3961 Kal
3074 3906 3317 3976 φυλάξω
3346 3909 3528 3961 αὑτὸν
3556 3909 3624 3961 ἑν
3651 3908 3762 3977 ὅλῃ
3790 3909 4017 3978 καρδίᾳ.

2472 3994 2582 4046 Καὶ
2607 3995 2790 4064 τρίτον
2820 3996 2926 4048 ἀπὸ
2952 3996 3083 4049 Θεοῦ
3116 3999 3249 4051 αἰτῶ
3276 3997 3464 4065 λέγων·
3510 3997 3833 4065 Ὀδήγησόν
3850 4014 3925 4065 με
3953 3998 4023 4050 ἐν

2471 4085 2644 4150 τρίϐῳ
2680 4084 2795 4136 τῶν
2824 4087 3081 4139 ἐντολῶν
3118 4102 3252 4141 σου·
3280 4089 3332 4140 τί
3365 4088 3423 4141 τὸ
3450 4089 3535 4141 ἐπ’
3578 4087 3730 4157 ὲμοί;
3766 4088 3891 4139 Ὀτι
3918 4088 4024 4139 αὐ-

2473 4172 2576 4224 τὸν
2602 4172 2885 4241 ήθέλησασ
2931 4174 3086 4243 δῆλον
3114 4175 3169 4228 δὲ
3224 4178 3305 4229 ὅτι
3334 4177 3422 4229 τὸν
3451 4176 3701 4247 ἀνωτέρω
3743 4175 4026 4246 εἰρημένον
4044 4185 4059 4198 ⁸

2474 4260 2654 4329 νόμον,
2675 4261 2814 4315 ὥστε
2836 4263 3071 4333 αἰτῶμεν
3089 4266 3156 4317 τὰ
3178 4266 3283 4318 ἀπὸ
3310 4265 3443 4318 Θεοῦ
3464 4265 3852 4335 προσγενέσθαι
3874 4266 4023 4333 ἡμῖν,

2476 4346 2921 4421 ἐπαγγελλόμενοι
2955 4354 3044 4404 καὶ
3090 4354 3157 4405 τὰ
3193 4353 3277 4420 ἐφ’
3317 4355 3445 4424 ἡμῖν
3471 4355 3563 4408 καὶ
3593 4353 3665 4422 μὴ
3692 4354 4023 4421 ψευδόμενοιρ

2478 4436 2563 4489 ἵνα
2596 4439 2667 4507 μὴ
2698 4439 2795 4501 τὰς
2823 4440 2954 4510 πρὸς
2987 4443 3115 4493 Θεὸν
3145 4442 3420 4510 ἁθετῶμεν
3448 4438 3730 4499 συνθήκας.

2556 4629 2663 4682 Kal
2694 4629 2857 4683 ἔλθοι
2885 4629 2975 4681 ἐπ’
3020 4629 3123 4697 ἐμὲ
3154 4631 3214 4681 τὸ
3249 4629 3418 4693 ἔλεός
3440 4642 3574 4693 σου,
3609 4630 3800 4695 Κύριε,
3826 4630 3889 4681 τὸ
3921 4638 4031 4682 σω·

2488 4720 2684 4787 τήριόν
2707 4736 2821 4774 σου
2841 4721 2987 4775 κατὰ
3014 4720 3117 4773 τὸν
3138 4722 3322 4787 λόγον
3346 4736 3479 4772 σου.
3508 4721 3613 4773 Kal
3644 4719 4031 4787 ἀποκριθήσο-

2484 4828 2587 4880 μαι
2627 4812 2748 4878 τοῖς
2786 4811 3131 4870 ὀνειδίζουσί
3160 4828 3259 4878 μοι
3302 4811 3501 4878 λόγον,
3541 4809 3628 4863 ὅτι
3670 4810 3900 4878 ἤλπισα
3935 4809 4031 4861 ἐπὶ

2490 4903 2609 4968 τοῖς
2638 4906 2835 4972 λόγοις
2874 4917 3007 4957 σου.
3049 4904 3155 4955 Kal
3178 4902 3261 4970 μὴ
3290 4900 3565 4970 περιέλῃς
3586 4902 3654 4954 ἐκ
3687 4901 3790 4954 τοῦ
3814 4902 4029 4968 στόμα-

2491 4997 2590 5061 τός
2616 5013 2733 5062 μου
2760 4996 2941 5062 λόγον
2966 4995 3245 5059 ἀληθείας
3271 4994 3378 5059 ἕως
3406 4994 3655 5062 σφόδρα,
3679 4992 3767 5045 ὅτι
3792 4992 3887 5043 ἐπὶ
3914 4991 4037 5057 τοῖς,

2492 5085 2731 5155 κρίμασὶ
2751 5101 2864 5137 σου
2875 5083 3201 5149 emam-cm.
3223 5085 3328 5137 Kal
3348 5084 3593 5152 φυλάξω
3608 5083 3711 5136 τὸν
3722 5082 3906 5148 νόμον
3919 5096 4032 5133 σου

2493 5171 2809 5237 διαπαντὸς
2823 5174 2907 5241 eli;
2927 5170 3030 5223 τὸν
3046 5170 3225 5223 αἰῶνα
3241 5171 3333 5223 καὶ
3356 5172 3440 5235 εὶς
3458 5169 3563 5222 τὸν
3578 5167 3760 5223 αἰῶνα
3779 5165 3885 5218 τοῦ
3898 5164 4031 5219 αἰῶ-

2495 5281 2617 5328 νος.
2634 5262 2739 5317 Kal
2755 5260 3193 5329 ἐπορευόμηνέν
3208 5258 3558 5329 πλατυσμῷ,
3568 5259 3655 5312 ὅτι
3669 5259 3773 5322 τὰς
3790 5255 4035 5320 ἐντολάς

2498 5368 2609 5407 σου
2646 5350 2986 5417 ἐξεζήτησα.
3026 5350 3136 5403 Kal
3169 5349 3424 5404 ἐλάλουν
3450 5352 3519 5404 ἐν
3554 5346 3677 5412 τοῖς
3700 5347 4035 5415 μαρτυρίοις

2498 5458 2611 5495 σου
2658 5441 2929 5494 ἐναντίον
2982 5430 3303 5504 βασιλέων,
3362 5439 3458 5494 καὶ
3510 5439 3620 5491 οὐκ
3664 5437 4033 5505 ᾐσχυνόμην.

865 5537 931 5589 sti
962 5510 1321 5588 confitendum
1348 5540 1469 5585 ante
1508 5546 1657 5603 reges
1686 5540 1738 5585 et
1775 5520 2029 5599 praesides
2058 5527 2291 5605 ducitur.
2336 5523 2403 5577 Et
2501 5532 2570 5584 xc

2336 5523 2403 5577 Εἰ
2501 5531 2804 5601 Χαριέντως
2833 5528 3085 5599 ἁρμόσειε
3116 5529 3268 5582 τοῦτο
3301 5530 3376 5600 τῷ
3409 5527 3498 5581 ἐπὶ
3526 5510 3790 5597 ἡγεμόνας
3823 5525 3914 5578 καὶ
3946 5524 4038 5592 βα-

866 5624 1151 5679 meditabar
1183 5624 1235 5676 in
1264 5621 1524 5678 mandatis
1562 5623 1685 5687 tuis,
1716 5635 1829 5691 qua?
1854 5618 2018 5673 dilexi
2037 5617 2202 5673 valde.
2244 5615 2306 5670 Et
2334 5614 2405 5669 le-
2506 5617 2571 5673 σι]

2336 5614 2405 5669 le-
2506 5617 2664 5683 σιλεῖς
2692 5619 2934 5687 ἀγομένῳ
2967 5618 3145 5671 ἕνεκεν
3184 5619 3275 5673 τοῦ
3298 5619 3551 5689 ὀνόματος
3574 5616 3803 5687 Χριστοῦ
3834 5629 4041 5688 μαρτυ-

890 5836 896 5843 -
935 5805 979 5839 ⁸⁸
1009 5801 1164 5857 Joan.
1204 5817 1285 5868 xv,
1321 5802 1371 5857 ι.
