4318 6404
276 549 281 555 ,
340 489 476 545 i373

1443 486 1940 553 COMMENTARIA
1971 498 2038 552 ΙΝ
2076 498 2411 554 PSALMOS.
2476 546 2479 549 λ

3402 498 3422 550 i
3435 495 3541 559 δτι

341 610 471 678 ραν.
499 609 604 663 Kal
625 608 913 677 ἐμελέτων
939 610 1006 662 ἐν
1026 609 1149 675 ταῖς
1175 610 1445 678 ἐντολαῖς
1468 630 1604 677 σου,
1634 611 1728 681 αῖς
1754 614 1893 685 ὴτάο
1922 622 1966 677 Α
1997 634 2046 670 va

1834 614 1893 667 ἀι
1922 622 1966 677 Α
1997 618 2109 670 vavi
2134 633 2317 669 manus
2341 616 2409 668 ad
2447 616 2699 669 mandata
2730 624 2818 667 tua
2840 630 2953 682 qua!
2980 614 3162 676 dilexi,
3195 623 3245 667 et
3266 615 3539 669 exercebar

339 714 505 767 πησα
519 699 767 767 σφόδρα.
810 702 919 753 Καὶ
948 697 1063 770 ᾖρα
1091 701 1197 767 τὰς
1219 701 1416 769 χεῖρας
1435 704 1579 771 πρὸς
1602 705 1707 770 τὰς
1724 706 1888 759 ἐντο-

338 788 453 855 λάς
482 804 617 853 σου,
650 790 722 854 ἀς
751 790 1050 859 ἠγάπησα,
1098 791 1195 845 καὶ
1240 792 1620 862 ἠδολέσχουν
1664 796 1732 847 ἑν
1767 796 1888 861 τοῖς

338 876 682 944 δικαιώμασί
706 894 839 932 σου.
874 876 1037 955 Ἄρτι
1058 884 1243 951 χεῖρας
1276 882 1409 950 πρὸς
1441 883 1656 946 ἐντολάς
1688 888 1801 936 ἐστι
1830 887 1888 937 τὸ

340 972 515 1024 πᾶσαν
548 970 740 1039 πρᾶξιν
766 972 898 1040 πρὸς
924 971 1136 1034 ἐντολὰς
1161 972 1303 1033 θείας
1330 974 1700 1044 ἁρμοζομένην
1730 976 1890 1045 ἐργά-

343 1059 541 1125 ζεσθαι.
567 1060 768 1111 Οὐκοῦν
790 1062 1043 1129 ἑκάτερον
1066 1062 1203 1131 μὲνὸ
1224 1063 1520 1133 Ψαλμῳδὸς
1548 1065 1720 1133 ἐαυτῷ
1750 1082 1887 1134 μαρ-

340 1150 507 1218 τυρεῖ·
567 1148 698 1217 ὁμοῦ
752 1148 805 1201 δὲ
852 1152 979 1219 ἡμῖν
1031 1150 1305 1219 νομοθετεῖ
1354 1156 1469 1213 ταῖς
1518 1152 1751 1215 ἐντολαῖς
1795 1154 1887 1205 τοῦ

340 1234 470 1288 9:06
512 1238 763 1307 παρέχειν
788 1240 884 1309 τὴν
923 1239 1267 1308 κατόρθωσιν,
1303 1243 1558 1310 παρέχειν
1589 1242 1643 1293 δὲ
1674 1243 1762 1294 καὶ
1793 1243 1889 1310 τὴν

344 1326 430 1379 ιπὶ
466 1327 598 1379 πολὺ
644 1329 870 1398 μελέτην
913 1333 1003 1384 καὶ
1038 1333 1283 1404 θεωρίαν·
1323 1331 1462 1384 οὕτω
1505 1332 1611 1403 γὰρ
1651 1333 1800 1386 αὐτοί
1831 1351 1887 1385 τε

338 1416 628 1484 κατορθοῦν
656 1419 1054 1492 ἀκριϐέστερον,
1082 1423 1171 1475 καὶ¹
1203 1424 1325 1485 τοὺς
1359 1422 1545 1484 ἄλλους
1576 1423 1784 1491 ἐνάγειν
1812 1425 1889 1485 εἰς

338 1506 668 1576 κατόρθωσιν
694 1510 901 1579 ἕξομεν.

408 1598 714 1665 Μνήσθητι
766 1600 879 1653 τῶν
922 1604 1115 1670 λόγων
1161 1619 1275 1656 σου
1316 1601 1395 1667 τῷ
1438 1604 1634 1669 δούλῳ
1672 1617 1807 1665 σου,
1842 1595 1891 1667 ᾦ

335 1688 674 1756 earumest;
704 1708 797 1758 με.
833 1692 989 1758 Αὕτη
1033 1710 1107 1759 με
1132 1692 1541 1761 παρεκάλεσεν
1563 1694 1631 1745 ὲν
1668 1692 1741 1760 τῇ
1787 1709 1887 1745 τα-

336 1778 608 1833 πεινώσει
640 1799 776 1847 μου,
803 1782 889 1835 ὅτι
911 1783 976 1835 τὸ
1002 1784 1206 1852 λόγιόν
1230 1799 1347 1837 σου
1366 1782 1535 1850 ἐζησέ
1552 1800 1647 1851 με.
1692 1785 1890 1851 ’Υπερ-

1991 707 2045 757 in
2068 704 2533 773 justiﬁcationibus
2565 704 2687 757 tuis.
2715 703 2914 757 Levare
2946 717 3137 757 manus
3168 702 3235 756 ad
3261 704 3536 767 mandata,

1990 805 2072 849 est
2107 811 2318 849 omnem
2342 794 2608 849 actionem
2633 794 2699 847 ad
2719 794 2898 847 divina
2921 791 3171 847 mandata
3204 801 3536 863 spectantem

1990 887 2165 941 edere.
2192 885 2489 956 Utrumque
2512 886 2675 955 igitur
2697 886 2762 939 de
2786 901 2845 939 se
2867 884 3149 940 Psalmista
3175 887 3493 939 testiﬁcatur
3520 907 3533 941 :

1992 988 2151 1044 atque
2183 992 2286 1030 una
2318 977 2475 1033 nobis
2511 976 2753 1045 praecipit
2791 984 2850 1029 ut
2888 977 3137 1030 mandata
3168 975 3259 1030 Dei
3291 976 3539 1045 perﬁcia-

1991 1081 2150 1132 mus;
2201 1068 2329 1135 quin
2364 1068 2525 1120 etiam
2570 1076 2628 1122 ut
2667 1069 2954 1137 plurimum
3015 1068 3105 1120 illa
3131 1067 3447 1121 meditemur
3483 1077 3538 1122 et

1991 1157 2449 1224 contemplemur;
2481 1157 2554 1210 ita
2599 1158 2740 1212 enim
2784 1155 2836 1209 id
2864 1156 3245 1217 oblmebimus,
3276 1166 3332 1210 ut
3357 1165 3409 1209 et
3436 1159 3535 1224 ipsi

1992 1248 2297 1300 accuratius
2326 1262 2707 1316 exsequamur,
2731 1255 2783 1301 et
2804 1248 2922 1300 aliis
2941 1247 3265 1316 exsequendi
3288 1254 3537 1300 auctores

1992 1350 2179 1389 sumus.

2059 1588 2219 1643 Vsus.
2254 1590 2452 1645 49-51.
2492 1590 2690 1643 Memor
2720 1601 2828 1643 esto
2858 1591 3127 1645 verborum
3154 1603 3359 1646 tuorum
3393 1610 3535 1647 serra

1990 1688 2095 1743 tuo,
2125 1681 2178 1732 in
2206 1698 2305 1747 quo
2336 1681 2461 1733 milii
2486 1697 2624 1747 spem
2647 1680 2856 1736 dedisti.
2892 1683 3019 1737 Hcec
3055 1701 3132 1737 me
3160 1684 3427 1737 consolata
3457 1695 3533 1738 est

1988 1772 2042 1823 in
2079 1772 2369 1825 humilitate
2400 1788 2532 1835 mea,
2581 1772 2703 1839 quia
2756 1773 3015 1844 eloquium
3070 1784 3214 1826 tuum
3259 1776 3535 1843 viviﬁcavit

336 1868 552 1937 ήφανοι
580 1874 965 1940 παρηνόμουν
991 1873 1099 1937 ἕως
1130 1874 1381 1941 σφόδρα,
1420 1873 1537 1926 ἀπὸ
1564 1873 1629 1926 δὲ
1655 1872 1761 1925 τοῦ
1794 1875 1890 1926 νό-
1921 1935 1955 1941 _
1989 1878 2036 1914 νη

1828 1875 1890 1926 ιό..
1921 1935 1955 1941 _
1989 1878 2087 1915 me.
2130 1862 2348 1931 Superbi
2397 1864 2570 1932 inique
2606 1864 2825 1931 agebant
2866 1880 3022 1931 usque
3052 1865 3217 1929 valde,
3249 1883 3280 1918 a
3310 1868 3414 1936 lege
3445 1884 3533 1919 au-

329 1935 447 2025 μου
474 1973 589 2013 σου
628 1935 737 2013 οὖν
780 1935 1086 2023 ἐξέκλινα.
1116 1935 1232 2016 Τῶν
1260 1935 1576 2033 ἑτεροδόξων
1605 1952 1891 2028 ἀλαζδνευέ
1918 1935 1961 1988 Β
1991 1959 2034 2005 ιε

1828 1952 1891 2015 υ..
1918 1935 1961 1988 Β
1991 1959 2089 2005 tem
2113 1960 2200 2003 tua
2225 1968 2326 2005 non
2348 1952 2616 2005 declinavi.
2652 1950 2785 2004 Cum
2814 1950 3122 2005 beterodosi
3148 1935 3376 2022 superbe
3403 1970 3532 2007 con-

335 2047 539 2117 ομινων
583 2050 720 2103 κατά
758 2050 851 2104 τοῦ
900 2053 1059 2120 νόμου
1083 2052 1158 2122 τῷ
1204 2052 1503 2107 διαϐάλλειν
1537 2054 1694 2106 αὑτὸν
1717 2094 1731 2118 ,
1779 2052 1890 2120 ἐγὼ

337 2138 538 2209 σφόδρα
559 2140 657 2207 τῆς
702 2139 942 2211 φυλακῆς
974 2136 1131 2194 αὐτοῦ
1179 2144 1553 2213 περιειχόμην,
1591 2144 1724 2213 μηδὲ
1770 2145 1888 2196 κατ’

333 2228 507 2296 ὀλίγον
535 2230 786 2298 κλονῆσαι
812 2232 907 2301 τὴν
937 2233 1069 2302 πρὸς
1093 2234 1250 2285 αὐτὸν
1280 2235 1675 2301 συγκατάθεσιν
1706 2235 1890 2302 ἀνεχό-

336 2332 517 2389 μενος.
562 2320 895 2387 Ἐμνήσθην
927 2320 1042 2373 τῶν
1080 2322 1370 2391 χριμάτων
1394 2341 1508 2376 σου
1532 2325 1631 2376 ἀπ’
1656 2324 1886 2388 αἰῶνος,

332 2410 527 2475 Κύριε,
553 2411 646 2462 καὶ
670 2412 1068 2480 παρεκλήθην.
1122 2414 1359 2482 ἈθυμΙα
1394 2414 1648 2481 κατέσχε
1670 2430 1743 2481 με
1771 2414 1888 2467 ἀπὸ

334 2498 690 2565 ἁμαρτωλῶν
732 2500 847 2552 τῶν
889 2502 1522 2569 ἑγκαταλιμπανόντων
1566 2504 1670 2556 τὸν
1705 2504 1890 2572 νόμον

334 2604 470 2643 σου.
508 2592 711 2642 Ψαλτὰ
733 2588 894 2659 ἦσάν
909 2609 1009 2658 μοι
1034 2594 1105 2645 τὰ
1132 2590 1483 2660 δικαιώματά
1503 2606 1618 2648 σου
1644 2595 1713 2648 ἐν
1732 2598 1890 2662 τόπῳ

334 2678 641 2744 παροικίας
672 2696 811 2746 μου.
856 2680 1197 2749 Ἐμνήσθην
1232 2682 1301 2734 ἐν
1346 2683 1513 2736 νυκτὶ
1546 2684 1651 2737 τοῦ
1682 2686 1890 2753 ὀνόμα-

334 2766 435 2828 τός
457 2780 591 2826 σου,
622 2767 813 2833 Κύριε,
848 2768 943 2820 καὶ
976 2769 1246 2836 ἐφύλαξα
1276 2770 1382 2822 τὸν
1403 2773 1590 2840 νόμον
1617 2789 1751 2827 σου.
1779 2774 1891 2827 Αὔ-

333 2866 405 2919 τη
426 2851 672 2920 ἐγενήθη
692 2872 809 2922 μοι,
835 2855 921 2908 ὅτι
949 2857 1018 2909 τὰ
1041 2856 1389 2927 δικαιώματὰ
1412 2874 1526 2913 σου
1548 2861 1885 2929 ἑξεζήτησα.

402 2942 581 3009 Μερίς
600 2960 717 3011 μου
746 2940 817 3006 εἴ,
847 2946 1048 3011 Κύριε⁶
1089 2944 1226 3001 εῖπα
1253 2949 1632 3015 φυλάξασθαι
1662 2951 1766 3002 τὸν
1792 2952 1890 3004 νό-

328 3046 449 3097 μον
471 3044 603 3083 σου.
642 3032 699 3083 '0
727 3033 1128 3104 ἀποταξάμενος
1153 3038 1263 3098 τοῖς
1290 3035 1559 3104 βιωτικοῖς
1582 3038 1887 3107 πράγμασι,

337 3124 430 3176 καὶ
450 3114 725 3194 μηδεμίαν
754 3123 891 3193 ἔχων
917 3124 1106 3195 μερίδα
1129 3126 1221 3179 ἐπὶ
1242 3125 1365 3195 γῆς,
1399 3126 1520 3196 μηδ’
1536 3128 1593 3179 ὲν
1617 3127 1694 3197 τῷ
1718 3127 1891 3183 θέλειν

1988 2050 2070 2095 tra
2103 2042 2271 2110 legem
2306 2050 2543 2110 agerent,
2579 2048 2637 2094 ut
2686 2053 2806 2095 eam
2850 2040 3214 2104 traducerent,
3268 2058 3368 2110 ego
3416 2043 3533 2110 ejus

1987 2133 2346 2188 observationi
2397 2131 2682 2186 admodum
2734 2131 3106 2197 attendebam,
3162 2147 3339 2186 meum
3404 2149 3531 2202 erga

1988 2224 2131 2276 illam
2159 2221 2404 2276 allectum
2438 2238 2506 2276 ne
2548 2222 2827 2283 minimum
2874 2222 3088 2290 quidem
3138 2223 3372 2275 titubare
3406 2238 3530 2291 per—

1986 2316 2223 2369 mittens.
2273 2346 2340 2354 -—
2389 2312 2549 2367 Vsus.
2585 2313 2793 2367 52-56.
2844 2312 3042 2367 Memor
3092 2314 3169 2381 fui
3214 2314 3531 2382 judiciorum

1989 2415 2194 2459 tuorum
2228 2424 2260 2457 a
2290 2406 2501 2467 sw’culo,
2532 2406 2768 2468 Domine,
2807 2417 2855 2458 et
2885 2406 3184 2459 consolatus
3211 2421 3344 2458 sum.
3380 2404 3532 2473 Defe-

1986 2497 2087 2549 ctio
2119 2496 2279 2548 tenuit
2326 2511 2404 2548 me
2440 2512 2533 2563 pro
2562 2494 2913 2561 peccatoribus
2944 2494 3412 2563 derelinquentibus
3460 2497 3531 2547 le-

1986 2604 2096 2657 gem
2131 2596 2293 2661 tuam.
2328 2584 2624 2639 Cantabiles
2656 2586 2781 2637 milis
2811 2592 2960 2637 erant
2992 2586 3397 2653 justiﬁcationes
3429 2594 3538 2637 tua:-

1987 2678 2041 2727 in
2067 2677 2179 2729 loco
2199 2675 2625 2743 peregrinationis
2655 2690 2799 2729 mese.
2820 2673 3020 2727 Memor
3050 2676 3129 2742 fui
3145 2684 3290 2727 nocte
3306 2676 3529 2727 nominis

1990 2769 2083 2829 tui,
2117 2766 2355 2828 Domine,
2388 2775 2434 2817 et
2472 2766 2724 2818 ωειοάἱυὶ
2758 2766 2917 2835 legem
2944 2774 3105 2817 tuam.
3149 2764 3272 2817 "sec
3291 2764 3430 2832 facta
3453 2778 3530 2817 est

1988 2857 2133 2919 mihi,
2173 2859 2295 2925 quia
2318 2856 2723 2924 justiﬁcationes
2754 2866 2870 2909 tuas
2899 2856 3171 2923 exquisivi.
3466 2916 3471 2917 ν

2058 2946 2218 3001 Vens.
2265 2946 2352 3000 57.
2393 2946 2579 3000 Portio
2634 2963 2748 3000 mea
2786 2963 2860 3011 es,
2901 2945 3117 2999 Domine
3153 2946 3313 2998 :dizi
3352 2954 3521 2999 custo-

1986 3036 2101 3089 dire
2126 3036 2283 3104 legem
2305 3045 2471 3095 tuam.
2511 3037 2612 3102 Qui
2638 3037 2988 3091 saecularibus
3017 3036 3178 3104 hujus
3218 3037 3339 3091 vitae
3372 3037 3529 3090 rebus

1988 3124 2284 3188 renuntiat,
2326 3125 2637 3194 nullamque
2699 3126 2755 3177 in
2812 3133 2957 3179 terra
3006 3110 3304 3193 portionem
3351 3125 3527 3185 habet.

336 3212 660 3277 τὰτοιαῦτα,
684 3214 795 3266 ἀλλ’
826 3214 1159 3285 ἀρκούμενος
1186 3215 1307 3269 ἀντὶ
1339 3217 1552 3270 πάντων
1578 3217 1655 3287 τῷ
1683 3218 1888 3288 Κυρίῳ,
1918 3255 1958 3313 C
1990 3234 2041 3272 nt

1826 3235 1888 3288 ῳ,
1918 3255 1958 3313 C
1990 3232 2163 3287 neque
2194 3231 2283 3272 res
2312 3215 2620 3271 istiusmodi
2648 3216 3005 3284 concupiscit,
3044 3216 3134 3272 sed
3161 3214 3387 3268 Domino
3415 3215 3531 3268 vice

338 3305 451 3373 ὲρεϊ
475 3320 485 3332 ·
512 3305 657 3370 Μερί
661 3325 691 3368 ς
704 3322 821 3371 μου
841 3307 1073 3374 Κύριος.
1099 3305 1283 3377 Τούτῳ
1309 3307 1366 3361 δὲ
1391 3308 1667 3362 ἀκολουθεῖ
1686 3308 1888 3377 λέγειν·

342 3388 494 3447 Bina
541 3394 921 3460 φυλάξασθαι
967 3396 1073 3451 τὸν
1114 3397 1302 3465 νόμον
1343 3412 1478 3459 σου,
1531 3400 1772 3452 τουτέστι
1802 3400 1892 3452 τδν

340 3484 720 3551 πνευματικὸν,
780 3486 905 3554 περὶ
950 3481 1010 3539 οὗ
1044 3472 1094 3538 ’ὁ
1146 3484 1355 3550 Παῦλος
1394 3487 1539 3555 λέγει
1568 3504 1580 3517 ·
1643 3488 1893 3556 Οἴδαμεν

339 3571 425 3623 ὅτι
447 3574 836 3639 πνευματικός
859 3574 986 3626 ἐστι
1020 3576 1218 3642 νόμος,
1248 3575 1340 3627 καὶ⁵
1366 3576 1433 3627 τὰ
1459 3576 1601 3645 ἑξῆς.
1634 3577 1756 3639 Πῶς
1785 3577 1893 3648 γὰρ

336 3662 396 3713 οὐ
432 3661 719 3728 φυλάξουσι
757 3664 844 3715 τὸν
877 3662 1037 3735 νόμον
1069 3664 1101 3733 ἢ
1131 3665 1230 3728 τὰς
1253 3665 1470 3728 ἐντολὰς
1492 3663 1585 3717 τοῦ
1610 3667 1811 3737 Κυρίου
1841 3667 1892 3719 oi

342 3751 529 3821 μερίδα
566 3754 724 3805 αὑτὸν
753 3754 961 3824 ἔχοντες
995 3755 1135 3809 κατά
1165 3757 1291 3820 τοὺς
1314 3756 1568 3820 Λευίτας,
1608 3751 1688 3821 οἷς
1714 3757 1893 3828 διηγό-

338 3858 523 3912 ρευται
579 3845 741 3914 μηδὲν
793 3846 1082 3916 κεκτῆσθαι
1130 3844 1270 3900 κατὰ
1320 3845 1409 3899 τὸν
1438 3845 1585 3914 βίον;
1632 3846 1892 3900 Λέλεκται

339 3934 447 4003 γάρ
467 3950 480 3961 ·
506 3934 631 4000 Τοῖς
652 3937 919 3999 Λευίταις
941 3928 1177 4001 καὶτοῖς
1196 3935 1457 4003 ἱερεῦσιν
1479 3934 1630 4003 υίοῗς
1657 3935 1887 4004 Ἀαρὼν,

338 4024 449 4075 οὐκ
490 4024 617 4076 ἐστι
664 4024 850 4091 μερίς,
878 4022 1018 4076 οὐδὲ
1056 4025 1417 4092 κληρονομία
1455 4025 1525 4077 ἐν
1581 4026 1703 4091 τοῖς
1741 4024 1890 4091 υίοῖς

349 4112 613 4180 Ἰσραὴλ,
643 4111 791 4163 διότι
815 4112 1021 4177 Κύριος
1043 4111 1209 4178 μερίς
1243 4112 1456 4189 actor.

419 4199 697 4265 Ἐδεήθην
736 4198 841 4252 τοῦ
881 4199 1213 4267 ’προσώπου
1266 4218 1382 4256 σου
1420 4202 1490 4255 ἐν
1526 4203 1638 4271 ὅλῃ
1682 4203 1888 4271 καρδίᾳ

331 4308 450 4362 μου
468 4309 481 4321 ·
514 4277 773 4359 ἐλέησόν
804 4306 879 4359 με
901 4292 1048 4345 κατὰ
1072 4291 1137 4345 τὸ
1165 4294 1374 4361 λόγιόν
1396 4308 1531 4348 σου.
1555 4294 1886 4367 Διελογισά-

331 4401 455 4453 μην
486 4382 591 4448 τὰς
639 4381 815 4447 ὁδούς
842 4395 975 4446 σου,
1027 4382 1126 4435 καί
1150 4382 1484 4452 ἐπέστρεψα
1532 4384 1672 4451 τοὺς
1702 4384 1888 4451 πόδας

330 4491 449 4542 μου
476 4476 562 4537 εὶς
604 4472 675 4526 τὰ
702 4471 987 4542 μαρτύριά
1026 4488 1161 4527 σου.
1202 4475 1613 4543 Ἠτοιμάσθην,
1654 4476 1751 4529 καὶ
1778 4479 1887 4530 οὐκ

1992 3309 2224 3363 omnium
2257 3314 2544 3362 contentus
2568 3318 2671 3368 est,
2700 3306 2843 3359 dicet
2870 3325 2881 3360 :
2916 3304 3097 3359 Portio
3122 3322 3236 3358 mea
3258 3306 3527 3359 Dominus.

1990 3397 2125 3452 Huic
2158 3405 2335 3451 autem
2365 3396 2623 3465 competit
2653 3396 2833 3449 dicere
2870 3412 2882 3445 :
2916 3394 3041 3447 Dixi
3078 3394 3341 3447 custodire
3372 3384 3531 3463 legem

1990 3498 2153 3552 tuam,
2186 3486 2392 3541 scilicet
2415 3485 2769 3553 spi'ritualem,
2810 3485 2876 3537 de
2898 3499 3003 3553 qua
3042 3483 3242 3537 Paulus
3265 3483 3384 3535 ait:
3419 3482 3532 3535 Sci-

1987 3595 2102 3631 mus
2153 3576 2290 3630 enim
2344 3575 2479 3645 quod
2536 3575 2618 3628 lex
2679 3573 2974 3641 spiritualis
3028 3573 3201 3635 est",
3230 3579 3285 3623 et
3318 3578 3529 3626 canem.

1987 3666 2268 3733 Quomodo
2293 3666 2438 3721 enim
2471 3666 2639 3733 legem
2664 3672 2716 3717 ct
2741 3673 3004 3733 precepta
3050 3648 3261 3717 Domini
3294 3676 3403 3715 non
3433 3676 3531 3714 cu-

1987 3758 2242 3822 stodierit,
2276 3757 2368 3825 qui
2402 3754 2552 3807 illum
2584 3754 2637 3805 in
2679 3754 2979 3821 portionem
3014 3754 3235 3817 habent,
3270 3752 3531 3823 quemad-

1986 3846 2202 3901 modum
2248 3853 2303 3900 et
2336 3842 2557 3907 Levita,
2588 3841 2788 3912 quibus
2820 3844 3047 3899 vetitum
3095 3851 3177 3897 est
3227 3840 3425 3913 aliquid
3476 3842 3532 3895 in

1986 3938 2095 3993 vita
2118 3935 2435 4006 possidere?
2459 3932 2592 3987 Nam
2623 3933 2828 3989 dictum
2880 3941 2963 3988 est
2991 3951 3006 3987 ε
3060 3933 3247 3987 Levitis
3277 3920 3325 3987 ei
3359 3947 3547 4005 sacer-3

1987 4028 2194 4081 dotibus
2224 4024 2352 4095 ﬁliis
2383 4027 2561 4080 Aaron
2592 4042 2693 4078 non
2713 4036 2790 4079 est
2829 4042 2952 4095 pars
2981 4041 3153 4095 neque
3172 4020 3447 4079 har-editas
3476 4024 3555 4097 in.

1987 4116 2114 4185 ﬁliis
2148 4114 2341 4175 Israel.
2364 4115 2489 4183 quia
2520 4114 2776 4169 Dominus
2805 4130 2928 4183 pars
2955 4131 3134 4168 eorum
3154 4115 3218 4168 “.

2052 4206 2221 4261 Vens.
2252 4205 2433 4260 58-65.
2489 4205 2805 4274 Deprecatus
2863 4222 2979 4259 sum
3026 4205 3215 4273 faciem
3268 4213 3415 4258 tuam
3472 4220 3529 4257 sn

1987 4310 2093 4354 toto
2146 4302 2297 4353 corde
2347 4315 2457 4353 meo
2495 4315 2513 4352 :
2538 4299 2782 4351 miserere
2814 4299 2912 4351 mei
2944 4296 3223 4351 secundum
3270 4296 3527 4365 eloquium

1986 4400 2149 4443 tuum.
2187 4388 2423 4457 Cogitavi
2451 4389 2560 4442 vias
2607 4397 2748 4448 tuas,
2774 4396 2824 4440 et
2874 4386 3099 4441 converti
3130 4384 3280 4454 pedes
3310 4392 3447 4439 mdes
3476 4387 3528 4439 in

1988 4480 2279 4535 testimonia
2312 4488 2423 4534 tua.
2452 4478 2684 4537 Paratus
2718 4493 2855 4538 sum.
2886 4486 2936 4529 et
2974 4492 3079 4529 non
3109 4491 3226 4529 sum
3270 4474 3527 4539 turbatus,

336 4563 667 4631 ἐταράχθην
714 4555 821 4618 τοῦ
861 4546 1237 4633 φυλάξαονθαι
1286 4566 1391 4631 τὰς
1438 4565 1686 4630 ἐντολάς
1745 4581 1879 4621 σου.
1914 4572 1958 4627 θ
1987 4579 2040 4624 ut

1824 4584 1879 4621 υ.
1914 4572 1958 4627 D
1987 4579 2040 4624 ut
2064 4569 2359 4623 custodiam
2390 4566 2638 4620 mandata
2670 4575 2783 4619 tua.
2840 4563 3015 4617 Funes
3053 4572 3379 4631 peccaton
3423 4564 3529 4614 cir-

340 4653 580 4718 Σχοινία
602 4653 959 4721 ἁμαρτωλῶν·
988 4654 1472 4721 περιεπλάκησὰν
1496 4671 1615 4722 μοι,
1647 4654 1745 4707 καί
1776 4654 1881 4707 τοῦ

339 4743 521 4809 νόμου
544 4757 657 4795 σου
672 4745 781 4796 οὐκ
797 4743 1188 4812 ἐπελαθόμην.
1213 4745 1617 4797 Μεσονύκτιον
1636 4745 1746 4796 οὐκ
1762 4736 1880 4811 (sic)

338 4832 712 4901 ὲξεγειρόμην
736 4832 841 4885 τοῦ
866 4830 1349 4901 ἐξομολογεῖσθαι
1388 4846 1486 4885 σοι
1524 4834 1621 4886 ἐπὶ
1654 4832 1727 4885 τὰ
1757 4831 1880 4899 κρί-

333 4939 491 4992 ματα
537 4920 646 4989 τῆς
699 4919 1081 4987 δικαιοσύνης
1118 4936 1249 4975 σου.
1316 4922 1578 4990 Μέτοχος
1620 4920 1733 4991 ἐγώ
1767 4924 1882 4990 ειμι

339 5013 576 5067 πάντων
616 5011 731 5066 τῶν
783 5009 1161 5080 φοϐουμένω*
1194 5025 1286 5075 σε,
1338 5013 1435 5066 καὶ
1485 5012 1603 5066 τῶν
1648 5017 1880 5082 φυλασ-

338 5105 569 5157 σόντων
617 5104 721 5169 τὰς
770 5100 1019 5167 ἐντολάς
1058 5115 1191 5156 σου.
1264 5101 1372 5155 Τοῦ
1418 5102 1626 5167 ἐλέους
1667 5106 1881 5171 Κιερίου

279 5182 291 5194 ’
340 5182 573 5261 πλήρης
600 5195 638 5261 ἡ
676 5190 772 5261 τῆ,
828 5190 899 5243 τὰ
948 5188 1301 5259 δικαιώματά
1348 5204 1463 5243 σου
1510 5190 1753 5254 δίδαξόν
1782 5208 1878 5259 με.

353 5280 477 5334 Ἐὰν
504 5282 837 5351 κατανοήσῃς
862 5280 923 5332 τὸ
955 5279 1154 5351 πλῆθος
1174 5278 1281 5331 τῶν
1309 5279 1743 5349 ἁμαρτανόντων,
1774 5281 1881 5333 τῶν

342 5369 691 5432 ἀσεῦούντων,
722 5368 827 5423 τῶν
872 5368 1079 5422 ἀδικίαν
1108 5371 1187 5433 sic
1232 5367 1402 5436 ’Υψος
1451 5367 1763 5433 λαλούντων,
1791 5370 1884 5422 καὶ

342 5456 457 5530 ἴδῃς
501 5458 593 5511 τοῦ
643 5459 776 5512 Θεοῦ
829 5460 923 5529 τὴν
978 5456 1351 5528 μακροθυμίαν
1401 5458 1495 5510 ἀπὶ
1540 5456 1609 5511 τὰ
1644 5458 1881 5512 ’τοσαῦτα

344 5550 723 5621 ἁμαρτήματα,
752 5549 867 5612 πῶς
895 5548 986 5602 καὶ
1016 5548 1151 5617 μετὰ
1180 5535 1433 5601 τοσαῦτα
1458 5547 1630 5603 πάντα
1658 5547 1878 5601 ἀνατέλ-

343 5639 425 5696 λει
459 5640 548 5693 τὸν
578 5640 725 5710 ἥλιον
755 5639 915 5695 αὐτοῦ
941 5640 1030 5692 ἐπὶ
1061 5642 1325 5712 πονηροὺς
1380 5639 1473 5693 καὶ
1508 5637 1758 5707 ἀγαθοὺς,
1790 5641 1881 5691 καὶ

1984 4656 2244 4724 cumplezi
2263 4669 2383 4708 sunt
2412 4672 2510 4717 me,
2566 4654 2623 4707 et'
2664 4654 2821 4723 legem
2860 4662 3003 4706 tuam
3040 4669 3143 4708 non
3170 4669 3284 4707 sum
3312 4653 3526 4706 oblitus.

1986 4744 2163 4799 Media
2193 4754 2336 4797 nocte
2365 4744 2633 4813 surgebam
2666 4742 2734 4794 ad
2752 4741 3108 4809 confitendum
3140 4740 3237 4793 tibi
3256 4756 3411 4808 super
3432 4741 3525 4807 ju-

1984 4820 2124 4887 dicia
2152 4833 2382 4902 iustitia
2422 4843 2543 4885 tum.
2582 4832 2848 4899 Particeps
2893 4847 2984 4900 ego
3032 4847 3147 4883 sum
3192 4831 3420 4882 omnium
3452 4832 3526 4883 ti-

1986 4926 2233 4980 mentium
2264 4932 2313 4977 te
2341 4931 2391 4976 et
2418 4922 2817 4976 custodientium
2867 4921 3118 4974 mandata
3156 4931 3264 4974 tua.
3325 4918 3527 4974 Miseri-

1987 5012 2165 5068 cordia
2192 5010 2403 5065 Desniui
2454 5012 2607 5079 plena
2627 5019 2705 5065 est
2750 5019 2930 5074 terra;
2953 5009 3363 5085 iustiﬁcationes
3406 5018 3524 5061 tuas

1986 5101 2110 5156 doce
2137 5117 2232 5153 me.
2270 5098 2329 5153 Si
2372 5098 2801 5155 considerareris
2850 5098 3245 5153 multitudinem
3297 5110 3522 5165 peccan-

1988 5192 2142 5254 tium,
2189 5190 2351 5259 impie
2400 5175 2696 5260 agentium,
2737 5190 3164 5260 et-iniquitatem
3203 5195 3389 5242 contra
3420 5186 3524 5240 Es-

1988 5284 2187 5338 celsum
2215 5281 2569 5350 loquentium,
2598 5280 2803 5351 Deique
2826 5278 2879 5334 in
2917 5286 2994 5334 tot
3028 5283 3266 5349 peccatis
3290 5279 3523 5332 toleran-

1987 5374 2117 5427 tiam
2142 5371 2513 5442 perpenderis,
2547 5373 2815 5442 quomodo
2841 5372 3001 5435 etiam
3030 5378 3153 5441 post
3195 5370 3306 5423 hac
3340 5367 3522 5422 omnia

1986 5460 2116 5513 oriri
2153 5458 2315 5513 faciat
2360 5461 2528 5514 solem
2563 5474 2719 5515 suum
2759 5474 2921 5528 super
2950 5459 3121 5525 malos
3148 5464 3200 5511 et
3243 5457 3434 5515 bonos.
3466 5466 3521 5509 et

1985 5547 2131 5620 pluat
2159 5561 2318 5616 super
2343 5547 2519 5617 iustos
2538 5538 2605 5602 σι’
2622 5536 2851 5616 iniustos
2870 5547 2933 5608 ",
2951 5537 3129 5599 dices:
3151 5540 3518 5596 Hiscricordia

1986 5638 2194 5691 Domini
2226 5639 2374 5706 plena
2405 5626 2480 5694 est
2511 5648 2671 5695 terra.
2699 5636 3101 5706 justiﬁcationes
3132 5644 3251 5689 tuas
3270 5640 3393 5715 doce
3416 5648 3513 5687 me.

418 5766 475 5877 ⁸ξή
500 5788 655 5847 Rom-
688 5802 788 5856 VII,
822 5789 906 5844 Η.
983 5790 1023 5822 ⁸⁸
1061 5787 1216 5843 Num.
1254 5804 1416 5855 svnt.
1446 5787 1535 5841 τα.
1613 5789 1655 5833 υ
1696 5786 1878 5844 υκαι,
1913 5802 1963 5846 ν,
1999 5784 2088 5841 ιδ,
2128 5862 2131 5865 Ι
