  <div class='ocr_page' id='page_1' title='image "/cluster/home/n/w/nwhite01/storage/ocr_20150623/23/coo.31924054873041/705.png"; bbox 0 0 4318 6406; ppageno 0'>
   <div class='ocr_carea' id='block_1_1' title="bbox 785 454 937 544">
    <p class='ocr_par' dir='ltr' id='par_1_1' title="bbox 785 454 937 544">
     <span class='ocr_line' id='line_1_1' title="bbox 785 454 937 544; baseline 0.007 -1"><span class='ocrx_word' id='word_1_1' title='bbox 785 454 937 544; x_wconf 58' lang='grc' dir='ltr'>ξεττ</span> 
     </span>
    </p>
   </div>
   <div class='ocr_carea' id='block_1_2' title="bbox 1468 489 3245 550">
    <p class='ocr_par' dir='ltr' id='par_1_2' title="bbox 1468 489 3245 550">
     <span class='ocr_line' id='line_1_2' title="bbox 1468 489 3245 550; baseline -0.001 -4"><span class='ocrx_word' id='word_1_2' title='bbox 1468 489 1727 547; x_wconf 78' lang='lat' dir='ltr'><strong><em>EUSEBH</em></strong></span> <span class='ocrx_word' id='word_1_3' title='bbox 1761 490 2224 550; x_wconf 65' lang='lat' dir='ltr'><strong><em>CESARIENSIS</em></strong></span> <span class='ocrx_word' id='word_1_4' title='bbox 2243 492 2388 549; x_wconf 87' lang='lat' dir='ltr'><strong><em>OPP.</em></strong></span> <span class='ocrx_word' id='word_1_5' title='bbox 2421 491 2596 546; x_wconf 79' lang='lat' dir='ltr'><strong><em>PARS</em></strong></span> <span class='ocrx_word' id='word_1_6' title='bbox 2630 491 2717 547; x_wconf 86' lang='lat' dir='ltr'><strong><em>Ill.</em></strong></span> <span class='ocrx_word' id='word_1_7' title='bbox 2745 523 2813 534; x_wconf 89' lang='lat'><strong>—</strong></span> <span class='ocrx_word' id='word_1_8' title='bbox 2849 489 3245 549; x_wconf 71' lang='lat' dir='ltr'><strong><em>EXEGETICA.</em></strong></span> 
     </span>
    </p>
   </div>
   <div class='ocr_carea' id='block_1_3' title="bbox 3807 489 3942 546">
    <p class='ocr_par' dir='ltr' id='par_1_3' title="bbox 3807 489 3942 546">
     <span class='ocr_line' id='line_1_3' title="bbox 3807 489 3942 546; baseline 0.015 -2"><span class='ocrx_word' id='word_1_9' title='bbox 3807 489 3942 546; x_wconf 71' lang='lat' dir='ltr'><strong><em>i376</em></strong></span> 
     </span>
    </p>
   </div>
   <div class='ocr_carea' id='block_1_4' title="bbox 792 588 3943 681">
    <p class='ocr_par' dir='ltr' id='par_1_4' title="bbox 792 588 3943 681">
     <span class='ocr_line' id='line_1_4' title="bbox 792 588 3943 681; baseline 0.001 -23"><span class='ocrx_word' id='word_1_10' title='bbox 792 606 969 676; x_wconf 73' lang='grc' dir='ltr'>βρέχει</span> <span class='ocrx_word' id='word_1_11' title='bbox 1013 609 1103 661; x_wconf 67' lang='grc' dir='ltr'><strong><em>ἐπὶ</em></strong></span> <span class='ocrx_word' id='word_1_12' title='bbox 1126 609 1355 674; x_wconf 78' lang='grc' dir='ltr'><strong><em>δικαίους</em></strong></span> <span class='ocrx_word' id='word_1_13' title='bbox 1382 588 1476 664; x_wconf 72' lang='grc' dir='ltr'><strong><em>καὶ</em></strong></span> <span class='ocrx_word' id='word_1_14' title='bbox 1500 612 1730 676; x_wconf 78' lang='grc' dir='ltr'><strong><em>ἀδίκους,</em></strong></span> <span class='ocrx_word' id='word_1_15' title='bbox 1773 614 1941 681; x_wconf 79' lang='grc' dir='ltr'><strong><em>ἐρεῖς·</em></strong></span> <span class='ocrx_word' id='word_1_16' title='bbox 1984 612 2089 667; x_wconf 83' lang='grc' dir='ltr'><strong><em>Τοῦ</em></strong></span> <span class='ocrx_word' id='word_1_17' title='bbox 2117 609 2322 677; x_wconf 67' lang='grc' dir='ltr'>ἐλέους</span> <span class='ocrx_word' id='word_1_18' title='bbox 2365 613 2580 680; x_wconf 79' lang='lat' dir='ltr'><strong><em>Kvplov</em></strong></span> <span class='ocrx_word' id='word_1_19' title='bbox 2614 615 2844 680; x_wconf 72' lang='grc' dir='ltr'>πλήρης</span> <span class='ocrx_word' id='word_1_20' title='bbox 2881 612 2920 678; x_wconf 77' lang='grc' dir='ltr'><strong>ἠ</strong></span> <span class='ocrx_word' id='word_1_21' title='bbox 2973 609 3071 678; x_wconf 77' lang='grc' dir='ltr'><strong><em>τῆ,</em></strong></span> <span class='ocrx_word' id='word_1_22' title='bbox 3105 610 3177 663; x_wconf 83' lang='grc' dir='ltr'><strong><em>τὰ</em></strong></span> <span class='ocrx_word' id='word_1_23' title='bbox 3237 608 3584 678; x_wconf 77' lang='grc' dir='ltr'>δικαιώματά</span> <span class='ocrx_word' id='word_1_24' title='bbox 3607 623 3740 662; x_wconf 60' lang='grc' dir='ltr'>τσου</span> <span class='ocrx_word' id='word_1_25' title='bbox 3779 607 3943 661; x_wconf 81' lang='grc' dir='ltr'>δίδα-</span> 
     </span>
    </p>
   </div>
   <div class='ocr_carea' id='block_1_5' title="bbox 789 695 1005 765">
    <p class='ocr_par' dir='ltr' id='par_1_5' title="bbox 789 695 1005 765">
     <span class='ocr_line' id='line_1_5' title="bbox 789 695 1005 765; baseline 0.023 -18"><span class='ocrx_word' id='word_1_26' title='bbox 789 695 899 759; x_wconf 77' lang='grc' dir='ltr'><strong><em>ξόν</em></strong></span> <span class='ocrx_word' id='word_1_27' title='bbox 914 714 1005 765; x_wconf 79' lang='grc' dir='ltr'>με.</span> 
     </span>
    </p>
   </div>
   <div class='ocr_carea' id='block_1_6' title="bbox 861 766 2566 864">
    <p class='ocr_par' dir='ltr' id='par_1_6' title="bbox 861 766 2566 862">
     <span class='ocr_line' id='line_1_6' title="bbox 861 766 2566 862; baseline 0.008 -23"><span class='ocrx_word' id='word_1_28' title='bbox 861 784 1021 843; x_wconf 74' lang='lat' dir='ltr'><strong><em>Vens.</em></strong></span> <span class='ocrx_word' id='word_1_29' title='bbox 1049 787 1136 852; x_wconf 85' lang='lat'><strong><em>65,</em></strong></span> <span class='ocrx_word' id='word_1_30' title='bbox 1169 789 1257 845; x_wconf 81' lang='lat'><strong><em>66.</em></strong></span> <span class='ocrx_word' id='word_1_31' title='bbox 1314 790 1606 846; x_wconf 88' lang='lat' dir='ltr'><strong><em>Bonitatem</em></strong></span> <span class='ocrx_word' id='word_1_32' title='bbox 1659 794 1828 862; x_wconf 74' lang='lat' dir='ltr'><strong><em>fecisti</em></strong></span> <span class='ocrx_word' id='word_1_33' title='bbox 1875 811 1990 848; x_wconf 86' lang='lat' dir='ltr'><strong><em>cum</em></strong></span> <span class='ocrx_word' id='word_1_34' title='bbox 2024 811 2167 850; x_wconf 75' lang='lat' dir='ltr'><strong><em>servo</em></strong></span> <span class='ocrx_word' id='word_1_35' title='bbox 2198 766 2312 853; x_wconf 79' lang='lat' dir='ltr'><strong><em>tuo,</em></strong></span> <span class='ocrx_word' id='word_1_36' title='bbox 2344 801 2385 856; x_wconf 76' lang='grc' dir='ltr'><strong>Α</strong></span> <span class='ocrx_word' id='word_1_37' title='bbox 2485 789 2566 853; x_wconf 77' lang='grc' dir='ltr'><strong><em>Χρ</em></strong></span> 
     </span>
    </p>
   </div>
   <div class='ocr_carea' id='block_1_7' title="bbox 2237 766 3942 864">
    <p class='ocr_par' dir='ltr' id='par_1_7' title="bbox 2237 783 3942 864">
     <span class='ocr_line' id='line_1_7' title="bbox 2237 783 3942 864; baseline 0.001 -25"><span class='ocrx_word' id='word_1_38' title='bbox 2237 811 2312 853; x_wconf 60' lang='lat' dir='ltr'><strong><em>uo,</em></strong></span> <span class='ocrx_word' id='word_1_39' title='bbox 2344 801 2385 856; x_wconf 71' lang='grc' dir='ltr'><strong>Α</strong></span> <span class='ocrx_word' id='word_1_40' title='bbox 2485 785 2858 853; x_wconf 83' lang='grc' dir='ltr'>Χρηστότητα</span> <span class='ocrx_word' id='word_1_41' title='bbox 2900 784 3186 851; x_wconf 71' lang='grc' dir='ltr'>ἐποίησας</span> <span class='ocrx_word' id='word_1_42' title='bbox 3229 784 3378 864; x_wconf 76' lang='grc' dir='ltr'><strong><em>μετά</em></strong></span> <span class='ocrx_word' id='word_1_43' title='bbox 3412 784 3516 840; x_wconf 86' lang='grc' dir='ltr'><strong><em>τοῦ</em></strong></span> <span class='ocrx_word' id='word_1_44' title='bbox 3563 783 3780 840; x_wconf 74' lang='grc' dir='ltr'>δούλου</span> <span class='ocrx_word' id='word_1_45' title='bbox 3807 802 3942 855; x_wconf 83' lang='grc' dir='ltr'>σου,</span> 
     </span>
    </p>
   </div>
   <div class='ocr_carea' id='block_1_8' title="bbox 791 876 2314 941">
    <p class='ocr_par' dir='ltr' id='par_1_8' title="bbox 791 876 2314 941">
     <span class='ocr_line' id='line_1_8' title="bbox 791 876 2314 941; baseline 0.007 -11"><span class='ocrx_word' id='word_1_46' title='bbox 791 876 1027 941; x_wconf 86' lang='lat' dir='ltr'><strong><em>Domine,</em></strong></span> <span class='ocrx_word' id='word_1_47' title='bbox 1051 881 1330 934; x_wconf 75' lang='lat' dir='ltr'><strong><em>secundum</em></strong></span> <span class='ocrx_word' id='word_1_48' title='bbox 1350 881 1552 935; x_wconf 79' lang='lat' dir='ltr'><strong><em>verbum</em></strong></span> <span class='ocrx_word' id='word_1_49' title='bbox 1580 892 1743 940; x_wconf 88' lang='lat' dir='ltr'><strong><em>tuum.</em></strong></span> <span class='ocrx_word' id='word_1_50' title='bbox 1773 886 2065 940; x_wconf 86' lang='lat' dir='ltr'><strong><em>Bonitatem</em></strong></span> <span class='ocrx_word' id='word_1_51' title='bbox 2090 900 2138 940; x_wconf 86' lang='lat' dir='ltr'><strong><em>et</em></strong></span> <span class='ocrx_word' id='word_1_52' title='bbox 2155 887 2314 940; x_wconf 76' lang='lat' dir='ltr'><strong><em>disci-</em></strong></span> 
     </span>
    </p>
   </div>
   <div class='ocr_carea' id='block_1_9' title="bbox 791 963 2315 1051">
    <p class='ocr_par' dir='ltr' id='par_1_9' title="bbox 791 963 2315 1051">
     <span class='ocr_line' id='line_1_9' title="bbox 791 963 2315 1051; baseline 0.01 -35"><span class='ocrx_word' id='word_1_53' title='bbox 791 964 983 1031; x_wconf 78' lang='lat' dir='ltr'><strong><em>plinam</em></strong></span> <span class='ocrx_word' id='word_1_54' title='bbox 1007 976 1056 1020; x_wconf 88' lang='lat' dir='ltr'><strong><em>et</em></strong></span> <span class='ocrx_word' id='word_1_55' title='bbox 1074 968 1341 1021; x_wconf 74' lang='lat' dir='ltr'><strong><em>scientiam</em></strong></span> <span class='ocrx_word' id='word_1_56' title='bbox 1371 969 1492 1023; x_wconf 86' lang='lat' dir='ltr'><strong><em>doce</em></strong></span> <span class='ocrx_word' id='word_1_57' title='bbox 1514 963 1610 1035; x_wconf 81' lang='lat' dir='ltr'><strong><em>me,</em></strong></span> <span class='ocrx_word' id='word_1_58' title='bbox 1635 974 1756 1042; x_wconf 86' lang='lat' dir='ltr'><strong><em>quia</em></strong></span> <span class='ocrx_word' id='word_1_59' title='bbox 1790 975 2050 1030; x_wconf 79' lang='lat' dir='ltr'><strong><em>mandatis</em></strong></span> <span class='ocrx_word' id='word_1_60' title='bbox 2074 978 2175 1051; x_wconf 73' lang='lat' dir='ltr'><strong><em>tuis</em></strong></span> <span class='ocrx_word' id='word_1_61' title='bbox 2206 994 2315 1032; x_wconf 77' lang='lat' dir='ltr'><strong><em>cre-</em></strong></span> 
     </span>
    </p>
   </div>
   <div class='ocr_carea' id='block_1_10' title="bbox 791 1051 2315 1135">
    <p class='ocr_par' dir='ltr' id='par_1_10' title="bbox 791 1051 2315 1135">
     <span class='ocr_line' id='line_1_10' title="bbox 791 1051 2315 1135; baseline 0.012 -34"><span class='ocrx_word' id='word_1_62' title='bbox 791 1051 922 1106; x_wconf 82' lang='lat' dir='ltr'><strong><em>didi.</em></strong></span> <span class='ocrx_word' id='word_1_63' title='bbox 953 1051 1055 1107; x_wconf 89' lang='lat' dir='ltr'><strong><em>Pro</em></strong></span> <span class='ocrx_word' id='word_1_64' title='bbox 1098 1056 1187 1108; x_wconf 89' lang='lat' dir='ltr'><strong><em>illo</em></strong></span> <span class='ocrx_word' id='word_1_65' title='bbox 1220 1074 1231 1110; x_wconf 94' lang='lat'>:</span> <span class='ocrx_word' id='word_1_66' title='bbox 1269 1055 1560 1112; x_wconf 88' lang='lat' dir='ltr'><strong><em>Bonitatem</em></strong></span> <span class='ocrx_word' id='word_1_67' title='bbox 1588 1062 1777 1129; x_wconf 76' lang='lat' dir='ltr'><strong><em>fecisti,</em></strong></span> <span class='ocrx_word' id='word_1_68' title='bbox 1820 1062 2167 1135; x_wconf 80' lang='lat' dir='ltr'><strong><em>Symmachus</em></strong></span> <span class='ocrx_word' id='word_1_69' title='bbox 2203 1065 2315 1121; x_wconf 85' lang='lat' dir='ltr'><strong><em>edi-</em></strong></span> 
     </span>
    </p>
   </div>
   <div class='ocr_carea' id='block_1_11' title="bbox 791 1140 2312 1224">
    <p class='ocr_par' dir='ltr' id='par_1_11' title="bbox 791 1140 2312 1224">
     <span class='ocr_line' id='line_1_11' title="bbox 791 1140 2312 1224; baseline 0.011 -32"><span class='ocrx_word' id='word_1_70' title='bbox 791 1140 905 1193; x_wconf 89' lang='lat' dir='ltr'><strong><em>dit:</em></strong></span> <span class='ocrx_word' id='word_1_71' title='bbox 942 1142 1247 1212; x_wconf 77' lang='lat' dir='ltr'><strong><em>Benefecisti</em></strong></span> <span class='ocrx_word' id='word_1_72' title='bbox 1300 1162 1441 1200; x_wconf 74' lang='lat' dir='ltr'><strong><em>servo</em></strong></span> <span class='ocrx_word' id='word_1_73' title='bbox 1470 1155 1575 1208; x_wconf 84' lang='lat' dir='ltr'><strong><em>tuo.</em></strong></span> <span class='ocrx_word' id='word_1_74' title='bbox 1629 1149 1861 1204; x_wconf 88' lang='lat' dir='ltr'><strong><em>Docetur</em></strong></span> <span class='ocrx_word' id='word_1_75' title='bbox 1907 1159 2080 1206; x_wconf 88' lang='lat' dir='ltr'><strong><em>autem</em></strong></span> <span class='ocrx_word' id='word_1_76' title='bbox 2111 1152 2191 1217; x_wconf 90' lang='lat' dir='ltr'><strong><em>is,</em></strong></span> <span class='ocrx_word' id='word_1_77' title='bbox 2222 1155 2312 1224; x_wconf 89' lang='lat' dir='ltr'><strong><em>qui</em></strong></span> 
     </span>
    </p>
   </div>
   <div class='ocr_carea' id='block_1_12' title="bbox 793 1229 2314 1312">
    <p class='ocr_par' dir='ltr' id='par_1_12' title="bbox 793 1229 2314 1312">
     <span class='ocr_line' id='line_1_12' title="bbox 793 1229 2314 1312; baseline 0.012 -30"><span class='ocrx_word' id='word_1_78' title='bbox 793 1229 988 1286; x_wconf 80' lang='lat' dir='ltr'><strong><em>divinis</em></strong></span> <span class='ocrx_word' id='word_1_79' title='bbox 1015 1233 1295 1291; x_wconf 85' lang='lat' dir='ltr'><strong><em>institutus</em></strong></span> <span class='ocrx_word' id='word_1_80' title='bbox 1322 1245 1425 1302; x_wconf 89' lang='lat' dir='ltr'><strong><em>est,</em></strong></span> <span class='ocrx_word' id='word_1_81' title='bbox 1462 1254 1530 1293; x_wconf 89' lang='lat' dir='ltr'><strong><em>ne</em></strong></span> <span class='ocrx_word' id='word_1_82' title='bbox 1567 1242 1808 1309; x_wconf 76' lang='lat' dir='ltr'><strong><em>ingratus</em></strong></span> <span class='ocrx_word' id='word_1_83' title='bbox 1843 1244 1912 1298; x_wconf 92' lang='lat' dir='ltr'><strong><em>sit</em></strong></span> <span class='ocrx_word' id='word_1_84' title='bbox 1942 1259 2038 1312; x_wconf 90' lang='lat' dir='ltr'><strong><em>pro</em></strong></span> <span class='ocrx_word' id='word_1_85' title='bbox 2060 1245 2314 1301; x_wconf 80' lang='lat' dir='ltr'><strong><em>beneﬁcio</em></strong></span> 
     </span>
    </p>
   </div>
   <div class='ocr_carea' id='block_1_13' title="bbox 789 1319 2314 1398">
    <p class='ocr_par' dir='ltr' id='par_1_13' title="bbox 789 1319 2314 1398">
     <span class='ocr_line' id='line_1_13' title="bbox 789 1319 2314 1398; baseline 0.013 -26"><span class='ocrx_word' id='word_1_86' title='bbox 789 1333 884 1387; x_wconf 87' lang='lat' dir='ltr'><strong><em>per</em></strong></span> <span class='ocrx_word' id='word_1_87' title='bbox 913 1319 1080 1398; x_wconf 86' lang='lat' dir='ltr'><strong><em>Deum</em></strong></span> <span class='ocrx_word' id='word_1_88' title='bbox 1102 1325 1217 1378; x_wconf 86' lang='lat' dir='ltr'><strong><em>&#39;sibi</em></strong></span> <span class='ocrx_word' id='word_1_89' title='bbox 1243 1327 1475 1395; x_wconf 86' lang='lat' dir='ltr'><strong><em>collato;</em></strong></span> <span class='ocrx_word' id='word_1_90' title='bbox 1535 1331 1627 1385; x_wconf 91' lang='lat' dir='ltr'><strong><em>sed</em></strong></span> <span class='ocrx_word' id='word_1_91' title='bbox 1675 1334 1827 1393; x_wconf 88' lang='lat' dir='ltr'><strong><em>sciat,</em></strong></span> <span class='ocrx_word' id='word_1_92' title='bbox 1863 1334 2098 1391; x_wconf 74' lang='lat' dir='ltr'><strong><em>bonitate</em></strong></span> <span class='ocrx_word' id='word_1_93' title='bbox 2132 1335 2223 1392; x_wconf 86' lang='lat' dir='ltr'><strong><em>Dei</em></strong></span> <span class='ocrx_word' id='word_1_94' title='bbox 2246 1339 2314 1392; x_wconf 84' lang='lat' dir='ltr'><strong><em>ad</em></strong></span> 
     </span>
    </p>
   </div>
   <div class='ocr_carea' id='block_1_14' title="bbox 761 1395 2310 1494">
    <p class='ocr_par' dir='ltr' id='par_1_14' title="bbox 761 1395 2310 1494">
     <span class='ocr_line' id='line_1_14' title="bbox 761 1395 2310 1494; baseline 0.011 -33"><span class='ocrx_word' id='word_1_95' title='bbox 761 1395 765 1399; x_wconf 22' lang='grc' dir='ltr'><strong><em>λ</em></strong></span> <span class='ocrx_word' id='word_1_96' title='bbox 790 1421 848 1463; x_wconf 80' lang='lat' dir='ltr'><strong><em>se</em></strong></span> <span class='ocrx_word' id='word_1_97' title='bbox 878 1395 1241 1478; x_wconf 83' lang='lat' dir='ltr'><strong><em>perveniente,</em></strong></span> <span class='ocrx_word' id='word_1_98' title='bbox 1265 1430 1322 1469; x_wconf 81' lang='lat' dir='ltr'><strong><em>se</em></strong></span> <span class='ocrx_word' id='word_1_99' title='bbox 1353 1415 1570 1487; x_wconf 81' lang='lat' dir='ltr'><strong><em>dignum</em></strong></span> <span class='ocrx_word' id='word_1_100' title='bbox 1619 1420 1857 1474; x_wconf 85' lang='lat' dir='ltr'><strong><em>habitum</em></strong></span> <span class='ocrx_word' id='word_1_101' title='bbox 1893 1422 2060 1479; x_wconf 75' lang='lat' dir='ltr'><strong><em>fuisse</em></strong></span> <span class='ocrx_word' id='word_1_102' title='bbox 2087 1425 2177 1494; x_wconf 88' lang='lat' dir='ltr'><strong>qui</strong></span> <span class='ocrx_word' id='word_1_103' title='bbox 2204 1441 2310 1480; x_wconf 84' lang='lat' dir='ltr'><strong><em>ser-</em></strong></span> 
     </span>
    </p>
   </div>
   <div class='ocr_carea' id='block_1_15' title="bbox 787 1498 2314 1581">
    <p class='ocr_par' dir='ltr' id='par_1_15' title="bbox 787 1498 2314 1581">
     <span class='ocr_line' id='line_1_15' title="bbox 787 1498 2314 1581; baseline 0.011 -30"><span class='ocrx_word' id='word_1_104' title='bbox 787 1512 887 1553; x_wconf 90' lang='lat' dir='ltr'><strong><em>vus</em></strong></span> <span class='ocrx_word' id='word_1_105' title='bbox 910 1498 1000 1552; x_wconf 85' lang='lat' dir='ltr'><strong><em>Dei</em></strong></span> <span class='ocrx_word' id='word_1_106' title='bbox 1031 1513 1330 1571; x_wconf 85' lang='lat' dir='ltr'><strong><em>vocaretur,</em></strong></span> <span class='ocrx_word' id='word_1_107' title='bbox 1364 1507 1656 1563; x_wconf 85' lang='lat' dir='ltr'><strong><em>secundum</em></strong></span> <span class='ocrx_word' id='word_1_108' title='bbox 1679 1511 1896 1564; x_wconf 82' lang='lat' dir='ltr'><strong><em>verbum</em></strong></span> <span class='ocrx_word' id='word_1_109' title='bbox 1925 1512 2044 1581; x_wconf 82' lang='lat' dir='ltr'><strong><em>ejus</em></strong></span> <span class='ocrx_word' id='word_1_110' title='bbox 2075 1513 2194 1568; x_wconf 85' lang='lat' dir='ltr'><strong><em>talis</em></strong></span> <span class='ocrx_word' id='word_1_111' title='bbox 2235 1513 2314 1570; x_wconf 80' lang='lat' dir='ltr'><strong><em>ef-</em></strong></span> 
     </span>
    </p>
   </div>
   <div class='ocr_carea' id='block_1_16' title="bbox 789 1586 981 1644">
    <p class='ocr_par' dir='ltr' id='par_1_16' title="bbox 789 1586 981 1644">
     <span class='ocr_line' id='line_1_16' title="bbox 789 1586 981 1644; baseline 0.021 -6"><span class='ocrx_word' id='word_1_112' title='bbox 789 1586 981 1644; x_wconf 80' lang='lat' dir='ltr'><strong><em>fectus.</em></strong></span> 
     </span>
    </p>
   </div>
   <div class='ocr_carea' id='block_1_17' title="bbox 860 1675 2381 1762">
    <p class='ocr_par' dir='ltr' id='par_1_17' title="bbox 860 1675 2381 1762">
     <span class='ocr_line' id='line_1_17' title="bbox 860 1675 2381 1762; baseline 0.012 -33"><span class='ocrx_word' id='word_1_113' title='bbox 860 1675 1022 1732; x_wconf 70' lang='lat' dir='ltr'><strong><em>Vsus.</em></strong></span> <span class='ocrx_word' id='word_1_114' title='bbox 1054 1678 1140 1734; x_wconf 86' lang='lat'><strong><em>67.</em></strong></span> <span class='ocrx_word' id='word_1_115' title='bbox 1194 1679 1507 1752; x_wconf 73' lang='lat' dir='ltr'><strong><em>Priusquam</em></strong></span> <span class='ocrx_word' id='word_1_116' title='bbox 1578 1687 1904 1754; x_wconf 75' lang='lat' dir='ltr'><strong><em>humiliarer,</em></strong></span> <span class='ocrx_word' id='word_1_117' title='bbox 1961 1708 2050 1760; x_wconf 88' lang='lat' dir='ltr'><strong><em>ego</em></strong></span> <span class='ocrx_word' id='word_1_118' title='bbox 2100 1693 2310 1762; x_wconf 80' lang='lat' dir='ltr'><strong><em>deliqui,</em></strong></span> <span class='ocrx_word' id='word_1_119' title='bbox 2379 1730 2381 1733; x_wconf 94' lang='lat'><strong><em>-</em></strong></span> 
     </span>
    </p>
   </div>
   <div class='ocr_carea' id='block_1_18' title="bbox 788 1770 2310 1852">
    <p class='ocr_par' dir='ltr' id='par_1_18' title="bbox 788 1770 2310 1852">
     <span class='ocr_line' id='line_1_18' title="bbox 788 1770 2310 1852; baseline 0.013 -35"><span class='ocrx_word' id='word_1_120' title='bbox 788 1776 1056 1833; x_wconf 82' lang='lat' dir='ltr'><strong><em>propterea</em></strong></span> <span class='ocrx_word' id='word_1_121' title='bbox 1081 1770 1337 1848; x_wconf 82' lang='lat' dir='ltr'><strong><em>eloquium</em></strong></span> <span class='ocrx_word' id='word_1_122' title='bbox 1361 1782 1502 1827; x_wconf 86' lang='lat' dir='ltr'><strong><em>tuum</em></strong></span> <span class='ocrx_word' id='word_1_123' title='bbox 1544 1778 1814 1832; x_wconf 80' lang='lat' dir='ltr'><strong><em>custodivi.</em></strong></span> <span class='ocrx_word' id='word_1_124' title='bbox 1841 1779 2063 1850; x_wconf 82' lang='lat' dir='ltr'><strong><em>Propter</em></strong></span> <span class='ocrx_word' id='word_1_125' title='bbox 2108 1785 2310 1852; x_wconf 81' lang='lat' dir='ltr'><strong><em>priora,</em></strong></span> 
     </span>
    </p>
   </div>
   <div class='ocr_carea' id='block_1_19' title="bbox 792 1857 2314 1934">
    <p class='ocr_par' dir='ltr' id='par_1_19' title="bbox 792 1857 2314 1934">
     <span class='ocr_line' id='line_1_19' title="bbox 792 1857 2314 1934; baseline 0.014 -26"><span class='ocrx_word' id='word_1_126' title='bbox 792 1857 985 1926; x_wconf 85' lang='lat' dir='ltr'><strong><em>inquit,</em></strong></span> <span class='ocrx_word' id='word_1_127' title='bbox 1025 1872 1244 1928; x_wconf 87' lang='lat' dir='ltr'><strong><em>peccata</em></strong></span> <span class='ocrx_word' id='word_1_128' title='bbox 1273 1879 1392 1931; x_wconf 66' lang='lat' dir='ltr'><strong><em>quae</em></strong></span> <span class='ocrx_word' id='word_1_129' title='bbox 1419 1865 1763 1932; x_wconf 86' lang='lat' dir='ltr'><strong><em>admiseram,</em></strong></span> <span class='ocrx_word' id='word_1_130' title='bbox 1788 1871 2036 1934; x_wconf 84' lang='lat' dir='ltr'><strong><em>traditus,</em></strong></span> <span class='ocrx_word' id='word_1_131' title='bbox 2068 1874 2314 1929; x_wconf 90' lang='lat' dir='ltr'><strong><em>bumilia-</em></strong></span> 
     </span>
    </p>
   </div>
   <div class='ocr_carea' id='block_1_20' title="bbox 790 1947 2298 2029">
    <p class='ocr_par' dir='ltr' id='par_1_20' title="bbox 790 1947 2298 2029">
     <span class='ocr_line' id='line_1_20' title="bbox 790 1947 2298 2029; baseline 0.015 -32"><span class='ocrx_word' id='word_1_132' title='bbox 790 1954 879 1999; x_wconf 92' lang='lat' dir='ltr'><strong><em>tus</em></strong></span> <span class='ocrx_word' id='word_1_133' title='bbox 906 1960 1047 2010; x_wconf 88' lang='lat' dir='ltr'><strong><em>sum,</em></strong></span> <span class='ocrx_word' id='word_1_134' title='bbox 1074 1947 1274 2018; x_wconf 87' lang='lat' dir='ltr'><strong><em>Deique</em></strong></span> <span class='ocrx_word' id='word_1_135' title='bbox 1295 1952 1498 2020; x_wconf 88' lang='lat' dir='ltr'><strong><em>judicio</em></strong></span> <span class='ocrx_word' id='word_1_136' title='bbox 1524 1955 1576 2008; x_wconf 89' lang='lat' dir='ltr'><strong><em>id</em></strong></span> <span class='ocrx_word' id='word_1_137' title='bbox 1608 1972 1725 2010; x_wconf 90' lang='lat' dir='ltr'><strong><em>sum</em></strong></span> <span class='ocrx_word' id='word_1_138' title='bbox 1763 1974 2068 2028; x_wconf 88' lang='lat' dir='ltr'><strong><em>perpessus.</em></strong></span> <span class='ocrx_word' id='word_1_139' title='bbox 2113 1963 2298 2029; x_wconf 84' lang='lat' dir='ltr'><strong><em>Quam-</em></strong></span> 
     </span>
    </p>
   </div>
   <div class='ocr_carea' id='block_1_21' title="bbox 790 2036 2311 2122">
    <p class='ocr_par' dir='ltr' id='par_1_21' title="bbox 790 2036 2311 2122">
     <span class='ocr_line' id='line_1_21' title="bbox 790 2036 2311 2122; baseline 0.015 -37"><span class='ocrx_word' id='word_1_140' title='bbox 790 2036 973 2091; x_wconf 81' lang='lat' dir='ltr'><strong><em>obrem</em></strong></span> <span class='ocrx_word' id='word_1_141' title='bbox 1019 2039 1314 2108; x_wconf 65' lang='lat' dir='ltr'><strong><em>disciplinae</em></strong></span> <span class='ocrx_word' id='word_1_142' title='bbox 1365 2045 1613 2110; x_wconf 87' lang='lat' dir='ltr'><strong><em>traditus,</em></strong></span> <span class='ocrx_word' id='word_1_143' title='bbox 1644 2047 1942 2105; x_wconf 88' lang='lat' dir='ltr'><strong><em>doctrinam</em></strong></span> <span class='ocrx_word' id='word_1_144' title='bbox 1987 2056 2221 2122; x_wconf 86' lang='lat' dir='ltr'><strong><em>postulo,</em></strong></span> <span class='ocrx_word' id='word_1_145' title='bbox 2252 2063 2311 2110; x_wconf 90' lang='lat' dir='ltr'><strong><em>ut</em></strong></span> 
     </span>
    </p>
   </div>
   <div class='ocr_carea' id='block_1_22' title="bbox 2412 874 3941 943">
    <p class='ocr_par' dir='ltr' id='par_1_22' title="bbox 2412 874 3941 943">
     <span class='ocr_line' id='line_1_22' title="bbox 2412 874 3941 943; baseline 0 -14"><span class='ocrx_word' id='word_1_146' title='bbox 2412 878 2605 942; x_wconf 83' lang='grc' dir='ltr'>Κύριε,</span> <span class='ocrx_word' id='word_1_147' title='bbox 2628 875 2776 928; x_wconf 85' lang='grc' dir='ltr'>κατὰ</span> <span class='ocrx_word' id='word_1_148' title='bbox 2798 874 2903 927; x_wconf 80' lang='grc' dir='ltr'>τὸν</span> <span class='ocrx_word' id='word_1_149' title='bbox 2924 875 3106 943; x_wconf 60' lang='grc' dir='ltr'><strong><em>λόγον</em></strong></span> <span class='ocrx_word' id='word_1_150' title='bbox 3126 887 3261 928; x_wconf 83' lang='grc' dir='ltr'>σου.</span> <span class='ocrx_word' id='word_1_151' title='bbox 3290 876 3661 942; x_wconf 77' lang='grc' dir='ltr'>Χρηστότητα</span> <span class='ocrx_word' id='word_1_152' title='bbox 3687 877 3784 930; x_wconf 79' lang='grc' dir='ltr'><strong><em>καί</em></strong></span> <span class='ocrx_word' id='word_1_153' title='bbox 3809 891 3941 929; x_wconf 79' lang='grc' dir='ltr'>παι-</span> 
     </span>
    </p>
   </div>
   <div class='ocr_carea' id='block_1_23' title="bbox 2412 959 3942 1033">
    <p class='ocr_par' dir='ltr' id='par_1_23' title="bbox 2412 959 3942 1033">
     <span class='ocr_line' id='line_1_23' title="bbox 2412 959 3942 1033; baseline 0 -16"><span class='ocrx_word' id='word_1_154' title='bbox 2412 965 2577 1018; x_wconf 81' lang='grc' dir='ltr'>δείαν</span> <span class='ocrx_word' id='word_1_155' title='bbox 2614 963 2711 1016; x_wconf 77' lang='grc' dir='ltr'><strong><em>καί</em></strong></span> <span class='ocrx_word' id='word_1_156' title='bbox 2753 959 2974 1032; x_wconf 74' lang='grc' dir='ltr'>γνῶσιν</span> <span class='ocrx_word' id='word_1_157' title='bbox 3001 962 3244 1027; x_wconf 80' lang='grc' dir='ltr'>δίδαξόν</span> <span class='ocrx_word' id='word_1_158' title='bbox 3281 980 3375 1031; x_wconf 82' lang='grc' dir='ltr'><strong><em>με,</em></strong></span> <span class='ocrx_word' id='word_1_159' title='bbox 3407 963 3494 1017; x_wconf 82' lang='grc' dir='ltr'>ὅτι</span> <span class='ocrx_word' id='word_1_160' title='bbox 3529 964 3656 1027; x_wconf 84' lang='grc' dir='ltr'>ταῖς</span> <span class='ocrx_word' id='word_1_161' title='bbox 3677 965 3942 1033; x_wconf 71' lang='grc' dir='ltr'><strong><em>ἐντολαῖς</em></strong></span> 
     </span>
    </p>
   </div>
   <div class='ocr_carea' id='block_1_24' title="bbox 2411 1052 3944 1122">
    <p class='ocr_par' dir='ltr' id='par_1_24' title="bbox 2411 1052 3944 1122">
     <span class='ocr_line' id='line_1_24' title="bbox 2411 1052 3944 1122; baseline 0.001 -14"><span class='ocrx_word' id='word_1_162' title='bbox 2411 1070 2524 1108; x_wconf 86' lang='grc' dir='ltr'><strong><em>σου</em></strong></span> <span class='ocrx_word' id='word_1_163' title='bbox 2543 1054 2883 1107; x_wconf 78' lang='grc' dir='ltr'>ἐπίστευσα.</span> <span class='ocrx_word' id='word_1_164' title='bbox 2918 1053 3058 1104; x_wconf 79' lang='grc' dir='ltr'>’Δντὶ</span> <span class='ocrx_word' id='word_1_165' title='bbox 3099 1052 3220 1105; x_wconf 90' lang='grc' dir='ltr'>τοῦ·</span> <span class='ocrx_word' id='word_1_166' title='bbox 3249 1055 3618 1122; x_wconf 83' lang='grc' dir='ltr'>Χρηστότητα</span> <span class='ocrx_word' id='word_1_167' title='bbox 3636 1056 3944 1122; x_wconf 80' lang='grc' dir='ltr'>ἐποίησας,</span> 
     </span>
    </p>
   </div>
   <div class='ocr_carea' id='block_1_25' title="bbox 2411 1140 3942 1214">
    <p class='ocr_par' dir='ltr' id='par_1_25' title="bbox 2411 1140 3942 1214">
     <span class='ocr_line' id='line_1_25' title="bbox 2411 1140 3942 1214; baseline -0.001 -17"><span class='ocrx_word' id='word_1_168' title='bbox 2411 1141 2811 1210; x_wconf 61' lang='lat' dir='ltr'><strong><em>comamque</em></strong></span> <span class='ocrx_word' id='word_1_169' title='bbox 2842 1140 2945 1193; x_wconf 81' lang='grc' dir='ltr'>τὸν</span> <span class='ocrx_word' id='word_1_170' title='bbox 2977 1140 3198 1194; x_wconf 75' lang='grc' dir='ltr'>δοῦλόν</span> <span class='ocrx_word' id='word_1_171' title='bbox 3224 1157 3358 1204; x_wconf 86' lang='grc' dir='ltr'>σου,</span> <span class='ocrx_word' id='word_1_172' title='bbox 3382 1141 3631 1206; x_wconf 75' lang='grc' dir='ltr'><strong><em>ἐξέδωκεν</em></strong></span> <span class='ocrx_word' id='word_1_173' title='bbox 3655 1146 3682 1196; x_wconf 85' lang='grc' dir='ltr'>ὁ</span> <span class='ocrx_word' id='word_1_174' title='bbox 3717 1143 3942 1214; x_wconf 81' lang='grc' dir='ltr'>Σύμμα-</span> 
     </span>
    </p>
   </div>
   <div class='ocr_carea' id='block_1_26' title="bbox 2413 1230 3942 1303">
    <p class='ocr_par' dir='ltr' id='par_1_26' title="bbox 2413 1230 3942 1303">
     <span class='ocr_line' id='line_1_26' title="bbox 2413 1230 3942 1303; baseline -0.002 -17"><span class='ocrx_word' id='word_1_175' title='bbox 2413 1251 2522 1303; x_wconf 84' lang='grc' dir='ltr'>χος.</span> <span class='ocrx_word' id='word_1_176' title='bbox 2573 1231 2885 1285; x_wconf 80' lang='grc' dir='ltr'>Διδάσκεται</span> <span class='ocrx_word' id='word_1_177' title='bbox 2938 1230 2992 1282; x_wconf 88' lang='grc' dir='ltr'>δὲ</span> <span class='ocrx_word' id='word_1_178' title='bbox 3043 1233 3072 1284; x_wconf 83' lang='grc' dir='ltr'>ὁ</span> <span class='ocrx_word' id='word_1_179' title='bbox 3116 1231 3182 1283; x_wconf 85' lang='grc' dir='ltr'>τὰ</span> <span class='ocrx_word' id='word_1_180' title='bbox 3219 1231 3334 1284; x_wconf 80' lang='grc' dir='ltr'>θεῖα</span> <span class='ocrx_word' id='word_1_181' title='bbox 3392 1233 3806 1302; x_wconf 79' lang='grc' dir='ltr'><strong><em>πεπαιδευμένος</em></strong></span> <span class='ocrx_word' id='word_1_182' title='bbox 3870 1233 3942 1301; x_wconf 85' lang='grc' dir='ltr'><strong><em>μὴ</em></strong></span> 
     </span>
    </p>
   </div>
   <div class='ocr_carea' id='block_1_27' title="bbox 2413 1321 3942 1392">
    <p class='ocr_par' dir='ltr' id='par_1_27' title="bbox 2413 1321 3942 1392">
     <span class='ocr_line' id='line_1_27' title="bbox 2413 1321 3942 1392; baseline 0.003 -17"><span class='ocrx_word' id='word_1_183' title='bbox 2413 1322 2742 1392; x_wconf 82' lang='grc' dir='ltr'><strong><em>ἀναισθήτως</em></strong></span> <span class='ocrx_word' id='word_1_184' title='bbox 2802 1322 2940 1391; x_wconf 79' lang='grc' dir='ltr'>ἔχειν</span> <span class='ocrx_word' id='word_1_185' title='bbox 2975 1321 3074 1390; x_wconf 82' lang='grc' dir='ltr'><strong><em>τῆς</em></strong></span> <span class='ocrx_word' id='word_1_186' title='bbox 3121 1321 3200 1384; x_wconf 88' lang='grc' dir='ltr'><strong><em>είς</em></strong></span> <span class='ocrx_word' id='word_1_187' title='bbox 3251 1321 3407 1374; x_wconf 82' lang='grc' dir='ltr'>αὑτὸν</span> <span class='ocrx_word' id='word_1_188' title='bbox 3455 1323 3807 1391; x_wconf 82' lang='grc' dir='ltr'><strong><em>γεγενημένος</em></strong></span> <span class='ocrx_word' id='word_1_189' title='bbox 3847 1325 3942 1378; x_wconf 86' lang='grc' dir='ltr'>τοῦ</span> 
     </span>
    </p>
   </div>
   <div class='ocr_carea' id='block_1_28' title="bbox 2411 1409 3941 1482">
    <p class='ocr_par' dir='ltr' id='par_1_28' title="bbox 2411 1409 3941 1482">
     <span class='ocr_line' id='line_1_28' title="bbox 2411 1409 3941 1482; baseline 0.002 -18"><span class='ocrx_word' id='word_1_190' title='bbox 2411 1411 2543 1464; x_wconf 83' lang='grc' dir='ltr'><strong><em>Θεοῦ</em></strong></span> <span class='ocrx_word' id='word_1_191' title='bbox 2573 1410 2907 1479; x_wconf 80' lang='grc' dir='ltr'><strong><em>εὐεργεσίας·</em></strong></span> <span class='ocrx_word' id='word_1_192' title='bbox 2957 1410 3147 1462; x_wconf 83' lang='grc' dir='ltr'>είδέναι</span> <span class='ocrx_word' id='word_1_193' title='bbox 3173 1409 3247 1473; x_wconf 77' lang='grc' dir='ltr'>δὲ,</span> <span class='ocrx_word' id='word_1_194' title='bbox 3281 1410 3383 1470; x_wconf 84' lang='grc' dir='ltr'>ὅτι,</span> <span class='ocrx_word' id='word_1_195' title='bbox 3430 1413 3784 1482; x_wconf 74' lang='grc' dir='ltr'><strong><em>χρηστότητος</em></strong></span> <span class='ocrx_word' id='word_1_196' title='bbox 3812 1415 3941 1468; x_wconf 85' lang='grc' dir='ltr'><strong><em>Θεοῦ</em></strong></span> 
     </span>
    </p>
   </div>
   <div class='ocr_carea' id='block_1_29' title="bbox 2412 1499 3942 1572">
    <p class='ocr_par' dir='ltr' id='par_1_29' title="bbox 2412 1499 3942 1572">
     <span class='ocr_line' id='line_1_29' title="bbox 2412 1499 3942 1572; baseline 0.003 -20"><span class='ocrx_word' id='word_1_197' title='bbox 2412 1500 2709 1570; x_wconf 74' lang='grc' dir='ltr'>φθανοὺσης</span> <span class='ocrx_word' id='word_1_198' title='bbox 2737 1503 2813 1562; x_wconf 87' lang='grc' dir='ltr'><strong><em>είς</em></strong></span> <span class='ocrx_word' id='word_1_199' title='bbox 2843 1499 3018 1563; x_wconf 89' lang='grc' dir='ltr'>αὑτὸν,</span> <span class='ocrx_word' id='word_1_200' title='bbox 3055 1499 3376 1568; x_wconf 79' lang='grc' dir='ltr'>κατηξίωται</span> <span class='ocrx_word' id='word_1_201' title='bbox 3413 1499 3591 1562; x_wconf 84' lang='grc' dir='ltr'>δοῦλος</span> <span class='ocrx_word' id='word_1_202' title='bbox 3618 1502 3942 1572; x_wconf 78' lang='grc' dir='ltr'>χρηματίσαι</span> 
     </span>
    </p>
   </div>
   <div class='ocr_carea' id='block_1_30' title="bbox 2412 1588 3901 1661">
    <p class='ocr_par' dir='ltr' id='par_1_30' title="bbox 2412 1588 3901 1661">
     <span class='ocr_line' id='line_1_30' title="bbox 2412 1588 3901 1661; baseline 0.003 -21"><span class='ocrx_word' id='word_1_203' title='bbox 2412 1588 2564 1650; x_wconf 85' lang='grc' dir='ltr'>Θεοῦ,</span> <span class='ocrx_word' id='word_1_204' title='bbox 2586 1588 2726 1641; x_wconf 85' lang='grc' dir='ltr'><strong><em>κατά</em></strong></span> <span class='ocrx_word' id='word_1_205' title='bbox 2753 1589 2840 1641; x_wconf 86' lang='grc' dir='ltr'><strong><em>τὸν</em></strong></span> <span class='ocrx_word' id='word_1_206' title='bbox 2867 1588 3018 1654; x_wconf 88' lang='grc' dir='ltr'>λόγον</span> <span class='ocrx_word' id='word_1_207' title='bbox 3048 1588 3205 1640; x_wconf 87' lang='grc' dir='ltr'>αὑτοῦ</span> <span class='ocrx_word' id='word_1_208' title='bbox 3230 1588 3531 1658; x_wconf 90' lang='grc' dir='ltr'>γενόμενος.</span> <span class='ocrx_word' id='word_1_209' title='bbox 3898 1657 3901 1661; x_wconf 17' lang='grc' dir='ltr'><em>Α</em></span> 
     </span>
    </p>
   </div>
   <div class='ocr_carea' id='block_1_31' title="bbox 2479 1674 3946 1745">
    <p class='ocr_par' dir='ltr' id='par_1_31' title="bbox 2479 1674 3946 1745">
     <span class='ocr_line' id='line_1_31' title="bbox 2479 1674 3946 1745; baseline 0.004 -17"><span class='ocrx_word' id='word_1_210' title='bbox 2479 1676 2596 1742; x_wconf 84' lang='grc' dir='ltr'><strong><em>Πρὸ</em></strong></span> <span class='ocrx_word' id='word_1_211' title='bbox 2627 1674 2732 1729; x_wconf 86' lang='grc' dir='ltr'><strong><em>τοῦ</em></strong></span> <span class='ocrx_word' id='word_1_212' title='bbox 2766 1676 3187 1743; x_wconf 80' lang='grc' dir='ltr'><strong><em>ταπεινωθῆναι</em></strong></span> <span class='ocrx_word' id='word_1_213' title='bbox 3234 1676 3345 1743; x_wconf 75' lang='grc' dir='ltr'><strong><em>ἐγὼ</em></strong></span> <span class='ocrx_word' id='word_1_214' title='bbox 3373 1677 3818 1745; x_wconf 77' lang='grc' dir='ltr'>ἐπλημμέλησα,</span> <span class='ocrx_word' id='word_1_215' title='bbox 3849 1679 3946 1735; x_wconf 83' lang='grc' dir='ltr'>διὰ</span> 
     </span>
    </p>
   </div>
   <div class='ocr_carea' id='block_1_32' title="bbox 2413 1765 3943 1841">
    <p class='ocr_par' dir='ltr' id='par_1_32' title="bbox 2413 1765 3943 1841">
     <span class='ocr_line' id='line_1_32' title="bbox 2413 1765 3943 1841; baseline 0.005 -24"><span class='ocrx_word' id='word_1_216' title='bbox 2413 1766 2581 1818; x_wconf 85' lang='grc' dir='ltr'>τοῦτο</span> <span class='ocrx_word' id='word_1_217' title='bbox 2614 1765 2678 1818; x_wconf 82' lang='grc' dir='ltr'><strong><em>τὸ</em></strong></span> <span class='ocrx_word' id='word_1_218' title='bbox 2713 1767 2914 1833; x_wconf 78' lang='grc' dir='ltr'>λόγιόν</span> <span class='ocrx_word' id='word_1_219' title='bbox 2945 1782 3057 1820; x_wconf 88' lang='grc' dir='ltr'><strong><em>σου</em></strong></span> <span class='ocrx_word' id='word_1_220' title='bbox 3086 1767 3370 1834; x_wconf 74' lang='grc' dir='ltr'><strong><em>ἐφύλαξα.</em></strong></span> <span class='ocrx_word' id='word_1_221' title='bbox 3406 1768 3500 1820; x_wconf 90' lang='grc' dir='ltr'>Διά</span> <span class='ocrx_word' id='word_1_222' title='bbox 3537 1768 3631 1832; x_wconf 79' lang='grc' dir='ltr'><strong><em>τὰς</em></strong></span> <span class='ocrx_word' id='word_1_223' title='bbox 3663 1771 3943 1841; x_wconf 82' lang='grc' dir='ltr'>προτέρας,</span> 
     </span>
    </p>
   </div>
   <div class='ocr_carea' id='block_1_33' title="bbox 2413 1854 3942 1930">
    <p class='ocr_par' dir='ltr' id='par_1_33' title="bbox 2413 1854 3942 1930">
     <span class='ocr_line' id='line_1_33' title="bbox 2413 1854 3942 1930; baseline 0.005 -26"><span class='ocrx_word' id='word_1_224' title='bbox 2413 1855 2562 1922; x_wconf 76' lang='grc' dir='ltr'>φησὶ,</span> <span class='ocrx_word' id='word_1_225' title='bbox 2593 1854 2920 1924; x_wconf 88' lang='grc' dir='ltr'>πραχθείσας</span> <span class='ocrx_word' id='word_1_226' title='bbox 2945 1856 3206 1927; x_wconf 82' lang='grc' dir='ltr'>ἁμαρτίας</span> <span class='ocrx_word' id='word_1_227' title='bbox 3233 1857 3542 1927; x_wconf 70' lang='grc' dir='ltr'><strong><em>παραδοθεὶς</em></strong></span> <span class='ocrx_word' id='word_1_228' title='bbox 3566 1859 3942 1930; x_wconf 82' lang='grc' dir='ltr'>ὲταπεινώθην,</span> 
     </span>
    </p>
   </div>
   <div class='ocr_carea' id='block_1_34' title="bbox 2415 1937 3946 2016">
    <p class='ocr_par' dir='ltr' id='par_1_34' title="bbox 2415 1937 3946 2016">
     <span class='ocr_line' id='line_1_34' title="bbox 2415 1937 3946 2016; baseline 0.003 -24"><span class='ocrx_word' id='word_1_229' title='bbox 2415 1941 2589 2012; x_wconf 86' lang='grc' dir='ltr'>κρίσεί</span> <span class='ocrx_word' id='word_1_230' title='bbox 2620 1940 2751 1994; x_wconf 83' lang='grc' dir='ltr'><strong><em>Θεοῦ</em></strong></span> <span class='ocrx_word' id='word_1_231' title='bbox 2784 1942 2952 1996; x_wconf 84' lang='grc' dir='ltr'>ταῦτα</span> <span class='ocrx_word' id='word_1_232' title='bbox 2984 1942 3183 1997; x_wconf 89' lang='grc' dir='ltr'>παθών.</span> <span class='ocrx_word' id='word_1_233' title='bbox 3215 1937 3288 1997; x_wconf 65' lang='lat' dir='ltr'><strong>OB</strong></span> <span class='ocrx_word' id='word_1_234' title='bbox 3315 1943 3379 2014; x_wconf 84' lang='grc' dir='ltr'>δὴ</span> <span class='ocrx_word' id='word_1_235' title='bbox 3404 1945 3494 1997; x_wconf 66' lang='grc' dir='ltr'><strong><em>καὶ⁵</em></strong></span> <span class='ocrx_word' id='word_1_236' title='bbox 3542 1944 3697 2015; x_wconf 83' lang='grc' dir='ltr'><strong>χάριν</strong></span> <span class='ocrx_word' id='word_1_237' title='bbox 3731 1947 3946 2016; x_wconf 58' lang='grc' dir='ltr'>παιδείᾳ.</span> 
     </span>
    </p>
   </div>
   <div class='ocr_carea' id='block_1_35' title="bbox 2414 2025 3946 2107">
    <p class='ocr_par' dir='ltr' id='par_1_35' title="bbox 2414 2025 3946 2107">
     <span class='ocr_line' id='line_1_35' title="bbox 2414 2025 3946 2107; baseline 0.005 -24"><span class='ocrx_word' id='word_1_238' title='bbox 2414 2031 2749 2101; x_wconf 72' lang='grc' dir='ltr'><strong><em>παραδοθεὶς,</em></strong></span> <span class='ocrx_word' id='word_1_239' title='bbox 2781 2031 2964 2093; x_wconf 83' lang='grc' dir='ltr'>δέομαι</span> <span class='ocrx_word' id='word_1_240' title='bbox 2992 2035 3347 2097; x_wconf 84' lang='grc' dir='ltr'>διδασκαλίας,</span> <span class='ocrx_word' id='word_1_241' title='bbox 3376 2036 3451 2097; x_wconf 82' lang='grc' dir='ltr'>ὡς</span> <span class='ocrx_word' id='word_1_242' title='bbox 3483 2036 3546 2088; x_wconf 77' lang='grc' dir='ltr'>ἄν</span> <span class='ocrx_word' id='word_1_243' title='bbox 3570 2025 3678 2103; x_wconf 80' lang='grc' dir='ltr'><strong><em>γνῶ</em></strong></span> <span class='ocrx_word' id='word_1_244' title='bbox 3697 2037 3774 2089; x_wconf 82' lang='grc' dir='ltr'><strong><em>ὅτι</em></strong></span> <span class='ocrx_word' id='word_1_245' title='bbox 3795 2039 3827 2107; x_wconf 83' lang='grc' dir='ltr'><strong>ή</strong></span> <span class='ocrx_word' id='word_1_246' title='bbox 3852 2054 3946 2090; x_wconf 85' lang='grc' dir='ltr'><strong><em>τα-</em></strong></span> 
     </span>
    </p>
   </div>
   <div class='ocr_carea' id='block_1_36' title="bbox 791 2123 2496 2209">
    <p class='ocr_par' dir='ltr' id='par_1_36' title="bbox 791 2124 2496 2209">
     <span class='ocr_line' id='line_1_36' title="bbox 791 2124 2496 2209; baseline 0.014 -32"><span class='ocrx_word' id='word_1_247' title='bbox 791 2140 1110 2194; x_wconf 74' lang='lat' dir='ltr'><strong><em>cognoscam</em></strong></span> <span class='ocrx_word' id='word_1_248' title='bbox 1135 2131 1272 2185; x_wconf 89' lang='lat' dir='ltr'><strong><em>hanc</em></strong></span> <span class='ocrx_word' id='word_1_249' title='bbox 1303 2131 1746 2203; x_wconf 88' lang='lat' dir='ltr'><strong><em>humiliationem,</em></strong></span> <span class='ocrx_word' id='word_1_250' title='bbox 1781 2156 1899 2209; x_wconf 66' lang='lat' dir='ltr'><strong><em>qua:</em></strong></span> <span class='ocrx_word' id='word_1_251' title='bbox 1931 2142 2059 2195; x_wconf 84' lang='lat' dir='ltr'><strong><em>mihi</em></strong></span> <span class='ocrx_word' id='word_1_252' title='bbox 2100 2146 2312 2208; x_wconf 87' lang='lat' dir='ltr'><strong><em>accidit,</em></strong></span> <span class='ocrx_word' id='word_1_253' title='bbox 2347 2132 2386 2185; x_wconf 79' lang='grc' dir='ltr'>Β</span> <span class='ocrx_word' id='word_1_254' title='bbox 2414 2124 2496 2174; x_wconf 59' lang='grc' dir='ltr'>πεί</span> 
     </span>
    </p>
   </div>
   <div class='ocr_carea' id='block_1_37' title="bbox 2240 2123 3945 2209">
    <p class='ocr_par' dir='ltr' id='par_1_37' title="bbox 2240 2123 3945 2208">
     <span class='ocr_line' id='line_1_37' title="bbox 2240 2123 3945 2208; baseline -0.002 -30"><span class='ocrx_word' id='word_1_255' title='bbox 2240 2146 2312 2208; x_wconf 53' lang='grc' dir='ltr'><strong><em>ηε,</em></strong></span> <span class='ocrx_word' id='word_1_256' title='bbox 2347 2132 2386 2185; x_wconf 82' lang='grc' dir='ltr'>Β</span> <span class='ocrx_word' id='word_1_257' title='bbox 2414 2123 2662 2185; x_wconf 84' lang='grc' dir='ltr'>πείνωσις</span> <span class='ocrx_word' id='word_1_258' title='bbox 2697 2124 2729 2192; x_wconf 84' lang='grc' dir='ltr'><strong>ή</strong></span> <span class='ocrx_word' id='word_1_259' title='bbox 2759 2124 3013 2194; x_wconf 72' lang='grc' dir='ltr'><strong><em>γενομένη</em></strong></span> <span class='ocrx_word' id='word_1_260' title='bbox 3052 2142 3138 2194; x_wconf 86' lang='grc' dir='ltr'><strong><em>μοι</em></strong></span> <span class='ocrx_word' id='word_1_261' title='bbox 3167 2125 3300 2177; x_wconf 86' lang='grc' dir='ltr'><strong><em>κατά</em></strong></span> <span class='ocrx_word' id='word_1_262' title='bbox 3334 2126 3664 2195; x_wconf 82' lang='grc' dir='ltr'><strong><em>χρηστότητα</em></strong></span> <span class='ocrx_word' id='word_1_263' title='bbox 3699 2127 3793 2178; x_wconf 86' lang='grc' dir='ltr'>καὶ</span> <span class='ocrx_word' id='word_1_264' title='bbox 3823 2143 3945 2180; x_wconf 80' lang='grc' dir='ltr'>παι-</span> 
     </span>
    </p>
   </div>
   <div class='ocr_carea' id='block_1_38' title="bbox 790 2215 1973 2291">
    <p class='ocr_par' dir='ltr' id='par_1_38' title="bbox 790 2215 1973 2291">
     <span class='ocr_line' id='line_1_38' title="bbox 790 2215 1973 2291; baseline 0.013 -24"><span class='ocrx_word' id='word_1_265' title='bbox 790 2229 857 2267; x_wconf 62' lang='lat' dir='ltr'><strong><em>ea</em></strong></span> <span class='ocrx_word' id='word_1_266' title='bbox 883 2215 1125 2272; x_wconf 82' lang='lat' dir='ltr'><strong><em>bonitate</em></strong></span> <span class='ocrx_word' id='word_1_267' title='bbox 1150 2229 1203 2272; x_wconf 91' lang='lat' dir='ltr'><strong><em>et</em></strong></span> <span class='ocrx_word' id='word_1_268' title='bbox 1230 2219 1514 2291; x_wconf 87' lang='lat' dir='ltr'><strong><em>disciplina</em></strong></span> <span class='ocrx_word' id='word_1_269' title='bbox 1547 2228 1788 2282; x_wconf 79' lang='lat' dir='ltr'><strong><em>evenisse</em></strong></span> <span class='ocrx_word' id='word_1_270' title='bbox 1823 2230 1973 2284; x_wconf 86' lang='lat' dir='ltr'><strong><em>mihi.</em></strong></span> 
     </span>
    </p>
   </div>
   <div class='ocr_carea' id='block_1_39' title="bbox 861 2302 2316 2382">
    <p class='ocr_par' dir='ltr' id='par_1_39' title="bbox 861 2302 2316 2382">
     <span class='ocr_line' id='line_1_39' title="bbox 861 2302 2316 2382; baseline 0.015 -26"><span class='ocrx_word' id='word_1_271' title='bbox 861 2302 1020 2359; x_wconf 78' lang='lat' dir='ltr'><strong><em>Vns.</em></strong></span> <span class='ocrx_word' id='word_1_272' title='bbox 1053 2307 1140 2362; x_wconf 86' lang='lat'><strong><em>68.</em></strong></span> <span class='ocrx_word' id='word_1_273' title='bbox 1176 2307 1430 2379; x_wconf 74' lang='lat' dir='ltr'><strong><em>Benignus</em></strong></span> <span class='ocrx_word' id='word_1_274' title='bbox 1453 2322 1509 2366; x_wconf 80' lang='lat' dir='ltr'><strong><em>es</em></strong></span> <span class='ocrx_word' id='word_1_275' title='bbox 1533 2325 1608 2378; x_wconf 88' lang='lat' dir='ltr'><strong><em>tu,</em></strong></span> <span class='ocrx_word' id='word_1_276' title='bbox 1636 2315 1866 2382; x_wconf 87' lang='lat' dir='ltr'><strong><em>Domine,</em></strong></span> <span class='ocrx_word' id='word_1_277' title='bbox 1893 2329 1941 2373; x_wconf 91' lang='lat' dir='ltr'><strong><em>et</em></strong></span> <span class='ocrx_word' id='word_1_278' title='bbox 1983 2321 2035 2374; x_wconf 86' lang='lat' dir='ltr'><strong><em>in</em></strong></span> <span class='ocrx_word' id='word_1_279' title='bbox 2092 2321 2316 2379; x_wconf 79' lang='lat' dir='ltr'><strong><em>bonitate</em></strong></span> 
     </span>
    </p>
   </div>
   <div class='ocr_carea' id='block_1_40' title="bbox 792 2392 2314 2476">
    <p class='ocr_par' dir='ltr' id='par_1_40' title="bbox 792 2392 2314 2476">
     <span class='ocr_line' id='line_1_40' title="bbox 792 2392 2314 2476; baseline 0.014 -34"><span class='ocrx_word' id='word_1_280' title='bbox 792 2399 882 2443; x_wconf 83' lang='lat' dir='ltr'><strong><em>tua</em></strong></span> <span class='ocrx_word' id='word_1_281' title='bbox 909 2392 1032 2448; x_wconf 83' lang='lat' dir='ltr'><strong><em>doce</em></strong></span> <span class='ocrx_word' id='word_1_282' title='bbox 1074 2410 1152 2448; x_wconf 89' lang='lat' dir='ltr'><strong><em>me</em></strong></span> <span class='ocrx_word' id='word_1_283' title='bbox 1165 2396 1566 2466; x_wconf 73' lang='lat' dir='ltr'><strong><em>justiﬁcationes</em></strong></span> <span class='ocrx_word' id='word_1_284' title='bbox 1600 2412 1735 2456; x_wconf 77' lang='lat' dir='ltr'><strong><em>tuas.</em></strong></span> <span class='ocrx_word' id='word_1_285' title='bbox 1789 2403 1934 2474; x_wconf 84' lang='lat' dir='ltr'><strong><em>Opus</em></strong></span> <span class='ocrx_word' id='word_1_286' title='bbox 1977 2408 2109 2476; x_wconf 84' lang='lat' dir='ltr'><strong><em>justi</em></strong></span> <span class='ocrx_word' id='word_1_287' title='bbox 2141 2420 2241 2474; x_wconf 89' lang='lat' dir='ltr'><strong><em>est,</em></strong></span> <span class='ocrx_word' id='word_1_288' title='bbox 2262 2412 2314 2464; x_wconf 90' lang='lat' dir='ltr'><strong><em>in</em></strong></span> 
     </span>
    </p>
   </div>
   <div class='ocr_carea' id='block_1_41' title="bbox 749 2481 2315 2568">
    <p class='ocr_par' dir='ltr' id='par_1_41' title="bbox 749 2481 2315 2568">
     <span class='ocr_line' id='line_1_41' title="bbox 749 2481 2315 2568; baseline 0.014 -36"><span class='ocrx_word' id='word_1_289' title='bbox 749 2506 759 2512; x_wconf 90' lang='lat'><strong>-</strong></span> <span class='ocrx_word' id='word_1_290' title='bbox 790 2481 1042 2536; x_wconf 87' lang='lat' dir='ltr'><strong><em>omnibus</em></strong></span> <span class='ocrx_word' id='word_1_291' title='bbox 1066 2501 1183 2553; x_wconf 66' lang='lat' dir='ltr'><strong><em>quae</em></strong></span> <span class='ocrx_word' id='word_1_292' title='bbox 1239 2489 1511 2553; x_wconf 86' lang='lat' dir='ltr'><strong><em>accidunt,</em></strong></span> <span class='ocrx_word' id='word_1_293' title='bbox 1547 2493 1797 2549; x_wconf 81' lang='lat' dir='ltr'><strong><em>alacriter</em></strong></span> <span class='ocrx_word' id='word_1_294' title='bbox 1828 2497 1886 2551; x_wconf 81' lang='lat' dir='ltr'><strong><em>se</em></strong></span> <span class='ocrx_word' id='word_1_295' title='bbox 1923 2497 2141 2562; x_wconf 86' lang='lat' dir='ltr'><strong><em>habere,</em></strong></span> <span class='ocrx_word' id='word_1_296' title='bbox 2173 2501 2315 2568; x_wconf 88' lang='lat' dir='ltr'><strong><em>quod</em></strong></span> 
     </span>
    </p>
   </div>
   <div class='ocr_carea' id='block_1_42' title="bbox 789 2566 2316 2655">
    <p class='ocr_par' dir='ltr' id='par_1_42' title="bbox 789 2566 2316 2655">
     <span class='ocr_line' id='line_1_42' title="bbox 789 2566 2316 2655; baseline 0.015 -36"><span class='ocrx_word' id='word_1_297' title='bbox 789 2566 904 2624; x_wconf 68' lang='lat' dir='ltr'><strong><em>haec</em></strong></span> <span class='ocrx_word' id='word_1_298' title='bbox 931 2585 960 2622; x_wconf 89' lang='lat' dir='ltr'><strong><em>a</em></strong></span> <span class='ocrx_word' id='word_1_299' title='bbox 986 2571 1321 2631; x_wconf 81' lang='lat' dir='ltr'><strong><em>Providentia</em></strong></span> <span class='ocrx_word' id='word_1_300' title='bbox 1344 2579 1737 2649; x_wconf 88' lang='lat' dir='ltr'><strong><em>dispensentur,</em></strong></span> <span class='ocrx_word' id='word_1_301' title='bbox 1762 2594 1921 2655; x_wconf 88' lang='lat' dir='ltr'><strong><em>atque</em></strong></span> <span class='ocrx_word' id='word_1_302' title='bbox 1943 2589 2023 2644; x_wconf 81' lang='lat' dir='ltr'><strong><em>vel</em></strong></span> <span class='ocrx_word' id='word_1_303' title='bbox 2039 2566 2316 2643; x_wconf 79' lang='lat' dir='ltr'><strong><em>acerbiora</em></strong></span> 
     </span>
    </p>
   </div>
   <div class='ocr_carea' id='block_1_43' title="bbox 789 2655 2311 2744">
    <p class='ocr_par' dir='ltr' id='par_1_43' title="bbox 789 2655 2311 2744">
     <span class='ocr_line' id='line_1_43' title="bbox 789 2655 2311 2744; baseline 0.014 -36"><span class='ocrx_word' id='word_1_304' title='bbox 789 2655 1032 2714; x_wconf 82' lang='lat' dir='ltr'><strong><em>hilariter</em></strong></span> <span class='ocrx_word' id='word_1_305' title='bbox 1059 2665 1370 2732; x_wconf 80' lang='lat' dir='ltr'><strong><em>accipiendo</em></strong></span> <span class='ocrx_word' id='word_1_306' title='bbox 1394 2667 1501 2724; x_wconf 92' lang='lat' dir='ltr'><strong><em>Deo</em></strong></span> <span class='ocrx_word' id='word_1_307' title='bbox 1519 2669 1696 2736; x_wconf 86' lang='lat' dir='ltr'><strong><em>dicere</em></strong></span> <span class='ocrx_word' id='word_1_308' title='bbox 1720 2690 1734 2725; x_wconf 90' lang='lat'>:</span> <span class='ocrx_word' id='word_1_309' title='bbox 1767 2674 2023 2744; x_wconf 77' lang='lat' dir='ltr'><strong><em>Benignus</em></strong></span> <span class='ocrx_word' id='word_1_310' title='bbox 2048 2693 2100 2729; x_wconf 77' lang='lat' dir='ltr'><strong><em>es</em></strong></span> <span class='ocrx_word' id='word_1_311' title='bbox 2124 2683 2210 2738; x_wconf 86' lang='lat' dir='ltr'><strong><em>tu;</em></strong></span> <span class='ocrx_word' id='word_1_312' title='bbox 2228 2687 2278 2731; x_wconf 90' lang='lat' dir='ltr'><strong><em>et</em></strong></span> <span class='ocrx_word' id='word_1_313' title='bbox 2299 2696 2311 2730; x_wconf 91' lang='lat'>:</span> 
     </span>
    </p>
   </div>
   <div class='ocr_carea' id='block_1_44' title="bbox 791 2747 2317 2834">
    <p class='ocr_par' dir='ltr' id='par_1_44' title="bbox 791 2747 2317 2834">
     <span class='ocr_line' id='line_1_44' title="bbox 791 2747 2317 2834; baseline 0.012 -33"><span class='ocrx_word' id='word_1_314' title='bbox 791 2747 1099 2805; x_wconf 81' lang='lat' dir='ltr'><strong><em>Benedicam</em></strong></span> <span class='ocrx_word' id='word_1_315' title='bbox 1119 2753 1338 2811; x_wconf 87' lang='lat' dir='ltr'><strong><em>Domino</em></strong></span> <span class='ocrx_word' id='word_1_316' title='bbox 1361 2759 1413 2811; x_wconf 89' lang='lat' dir='ltr'><strong><em>in</em></strong></span> <span class='ocrx_word' id='word_1_317' title='bbox 1451 2762 1591 2813; x_wconf 86' lang='lat' dir='ltr'><strong><em>omni</em></strong></span> <span class='ocrx_word' id='word_1_318' title='bbox 1622 2770 1860 2829; x_wconf 86' lang='lat' dir='ltr'><strong><em>tempore,</em></strong></span> <span class='ocrx_word' id='word_1_319' title='bbox 1890 2766 1943 2818; x_wconf 91' lang='lat' dir='ltr'><strong><em>in</em></strong></span> <span class='ocrx_word' id='word_1_320' title='bbox 1975 2766 2076 2820; x_wconf 88' lang='lat' dir='ltr'><strong><em>hoc</em></strong></span> <span class='ocrx_word' id='word_1_321' title='bbox 2109 2781 2317 2834; x_wconf 88' lang='lat' dir='ltr'><strong><em>semper</em></strong></span> 
     </span>
    </p>
   </div>
   <div class='ocr_carea' id='block_1_45' title="bbox 790 2845 2314 2924">
    <p class='ocr_par' dir='ltr' id='par_1_45' title="bbox 790 2845 2314 2924">
     <span class='ocr_line' id='line_1_45' title="bbox 790 2845 2314 2924; baseline 0.007 -24"><span class='ocrx_word' id='word_1_322' title='bbox 790 2845 1066 2912; x_wconf 76' lang='lat' dir='ltr'><strong><em>proposito</em></strong></span> <span class='ocrx_word' id='word_1_323' title='bbox 1097 2847 1410 2904; x_wconf 85' lang='lat' dir='ltr'><strong><em>insistendo.</em></strong></span> <span class='ocrx_word' id='word_1_324' title='bbox 1433 2849 1535 2906; x_wconf 90' lang='lat' dir='ltr'><strong><em>Pro</em></strong></span> <span class='ocrx_word' id='word_1_325' title='bbox 1560 2853 1651 2906; x_wconf 92' lang='lat' dir='ltr'><strong><em>illo</em></strong></span> <span class='ocrx_word' id='word_1_326' title='bbox 1674 2872 1688 2906; x_wconf 91' lang='lat'><strong>:</strong></span> <span class='ocrx_word' id='word_1_327' title='bbox 1710 2854 1967 2924; x_wconf 76' lang='lat' dir='ltr'><strong><em>Benignus</em></strong></span> <span class='ocrx_word' id='word_1_328' title='bbox 1992 2873 2044 2910; x_wconf 78' lang='lat' dir='ltr'><strong><em>es</em></strong></span> <span class='ocrx_word' id='word_1_329' title='bbox 2085 2867 2160 2922; x_wconf 85' lang='lat' dir='ltr'><strong><em>tu,</em></strong></span> <span class='ocrx_word' id='word_1_330' title='bbox 2189 2859 2314 2912; x_wconf 82' lang='lat' dir='ltr'><strong><em>reli-</em></strong></span> 
     </span>
    </p>
   </div>
   <div class='ocr_carea' id='block_1_46' title="bbox 791 2930 2314 3013">
    <p class='ocr_par' dir='ltr' id='par_1_46' title="bbox 791 2930 2314 3013">
     <span class='ocr_line' id='line_1_46' title="bbox 791 2930 2314 3013; baseline 0.011 -31"><span class='ocrx_word' id='word_1_331' title='bbox 791 2945 909 3000; x_wconf 66' lang='lat' dir='ltr'><strong><em>quae</em></strong></span> <span class='ocrx_word' id='word_1_332' title='bbox 937 2930 1199 2989; x_wconf 86' lang='lat' dir='ltr'><strong><em>editiones</em></strong></span> <span class='ocrx_word' id='word_1_333' title='bbox 1232 2935 1440 2988; x_wconf 75' lang='lat' dir='ltr'><strong><em>:Bouus</em></strong></span> <span class='ocrx_word' id='word_1_334' title='bbox 1469 2954 1521 2990; x_wconf 78' lang='lat' dir='ltr'><strong><em>es</em></strong></span> <span class='ocrx_word' id='word_1_335' title='bbox 1545 2947 1620 3002; x_wconf 88' lang='lat' dir='ltr'><strong><em>tu,</em></strong></span> <span class='ocrx_word' id='word_1_336' title='bbox 1647 2940 2004 3010; x_wconf 65' lang='lat' dir='ltr'><strong><em>interpretata:</em></strong></span> <span class='ocrx_word' id='word_1_337' title='bbox 2027 2953 2170 2998; x_wconf 92' lang='lat' dir='ltr'><strong><em>sunt.</em></strong></span> <span class='ocrx_word' id='word_1_338' title='bbox 2190 2943 2314 3013; x_wconf 88' lang='lat' dir='ltr'><strong><em>Scio</em></strong></span> 
     </span>
    </p>
   </div>
   <div class='ocr_carea' id='block_1_47' title="bbox 792 3015 2307 3101">
    <p class='ocr_par' dir='ltr' id='par_1_47' title="bbox 792 3015 2307 3101">
     <span class='ocr_line' id='line_1_47' title="bbox 792 3015 2307 3101; baseline 0.013 -33"><span class='ocrx_word' id='word_1_339' title='bbox 792 3015 998 3083; x_wconf 82' lang='lat' dir='ltr'><strong><em>utique,</em></strong></span> <span class='ocrx_word' id='word_1_340' title='bbox 1028 3017 1122 3078; x_wconf 84' lang='lat' dir='ltr'><strong><em>ait.</em></strong></span> <span class='ocrx_word' id='word_1_341' title='bbox 1159 3035 1331 3088; x_wconf 87' lang='lat' dir='ltr'><strong><em>neque</em></strong></span> <span class='ocrx_word' id='word_1_342' title='bbox 1362 3022 1547 3076; x_wconf 88' lang='lat' dir='ltr'><strong><em>dubito</em></strong></span> <span class='ocrx_word' id='word_1_343' title='bbox 1581 3024 1647 3078; x_wconf 92' lang='lat' dir='ltr'><strong><em>de</em></strong></span> <span class='ocrx_word' id='word_1_344' title='bbox 1689 3037 1880 3082; x_wconf 89' lang='lat' dir='ltr'><strong><em>natura</em></strong></span> <span class='ocrx_word' id='word_1_345' title='bbox 1905 3039 2013 3094; x_wconf 88' lang='lat' dir='ltr'><strong><em>tua,</em></strong></span> <span class='ocrx_word' id='word_1_346' title='bbox 2050 3034 2188 3101; x_wconf 86' lang='lat' dir='ltr'><strong><em>quod</em></strong></span> <span class='ocrx_word' id='word_1_347' title='bbox 2231 3035 2307 3087; x_wconf 85' lang='lat' dir='ltr'><strong><em>ni-</em></strong></span> 
     </span>
    </p>
   </div>
   <div class='ocr_carea' id='block_1_48' title="bbox 791 3103 2313 3186">
    <p class='ocr_par' dir='ltr' id='par_1_48' title="bbox 791 3103 2313 3186">
     <span class='ocr_line' id='line_1_48' title="bbox 791 3103 2313 3186; baseline 0.014 -32"><span class='ocrx_word' id='word_1_348' title='bbox 791 3104 985 3157; x_wconf 87' lang='lat' dir='ltr'><strong><em>mirum</em></strong></span> <span class='ocrx_word' id='word_1_349' title='bbox 1041 3103 1154 3173; x_wconf 87' lang='lat' dir='ltr'><strong><em>ipsa</em></strong></span> <span class='ocrx_word' id='word_1_350' title='bbox 1209 3107 1418 3164; x_wconf 89' lang='lat' dir='ltr'><strong><em>bonitas</em></strong></span> <span class='ocrx_word' id='word_1_351' title='bbox 1464 3112 1567 3178; x_wconf 87' lang='lat' dir='ltr'><strong><em>sit;</em></strong></span> <span class='ocrx_word' id='word_1_352' title='bbox 1605 3114 1699 3168; x_wconf 87' lang='lat' dir='ltr'><strong><em>sed</em></strong></span> <span class='ocrx_word' id='word_1_353' title='bbox 1751 3119 1962 3186; x_wconf 88' lang='lat' dir='ltr'><strong><em>postulo</em></strong></span> <span class='ocrx_word' id='word_1_354' title='bbox 2018 3120 2313 3176; x_wconf 85' lang='lat' dir='ltr'><strong><em>doctrinam</em></strong></span> 
     </span>
    </p>
   </div>
   <div class='ocr_carea' id='block_1_49' title="bbox 784 3191 2309 3280">
    <p class='ocr_par' dir='ltr' id='par_1_49' title="bbox 784 3191 2309 3280">
     <span class='ocr_line' id='line_1_49' title="bbox 784 3191 2309 3280; baseline 0.012 -35"><span class='ocrx_word' id='word_1_355' title='bbox 784 3191 1228 3260; x_wconf 79' lang='lat' dir='ltr'><strong><em>justiﬁcationutn</em></strong></span> <span class='ocrx_word' id='word_1_356' title='bbox 1287 3207 1521 3265; x_wconf 88' lang='lat' dir='ltr'><strong><em>tuarum,</em></strong></span> <span class='ocrx_word' id='word_1_357' title='bbox 1566 3219 1672 3272; x_wconf 92' lang='lat' dir='ltr'><strong><em>qua</em></strong></span> <span class='ocrx_word' id='word_1_358' title='bbox 1718 3220 1801 3259; x_wconf 92' lang='lat' dir='ltr'><strong><em>me</em></strong></span> <span class='ocrx_word' id='word_1_359' title='bbox 1864 3207 2072 3263; x_wconf 89' lang='lat' dir='ltr'><strong><em>institui</em></strong></span> <span class='ocrx_word' id='word_1_360' title='bbox 2135 3226 2309 3280; x_wconf 78' lang='lat' dir='ltr'><strong><em>rogo:</em></strong></span> 
     </span>
    </p>
   </div>
   <div class='ocr_carea' id='block_1_50' title="bbox 788 3283 2314 3368">
    <p class='ocr_par' dir='ltr' id='par_1_50' title="bbox 788 3283 2314 3368">
     <span class='ocr_line' id='line_1_50' title="bbox 788 3283 2314 3368; baseline 0.013 -34"><span class='ocrx_word' id='word_1_361' title='bbox 788 3296 912 3337; x_wconf 84' lang='lat' dir='ltr'><strong><em>nam</em></strong></span> <span class='ocrx_word' id='word_1_362' title='bbox 944 3283 1187 3340; x_wconf 88' lang='lat' dir='ltr'><strong><em>doctrina</em></strong></span> <span class='ocrx_word' id='word_1_363' title='bbox 1223 3305 1373 3359; x_wconf 78' lang='lat' dir='ltr'><strong><em>egeo,</em></strong></span> <span class='ocrx_word' id='word_1_364' title='bbox 1406 3300 1462 3345; x_wconf 93' lang='lat' dir='ltr'><strong><em>ut</em></strong></span> <span class='ocrx_word' id='word_1_365' title='bbox 1508 3309 1784 3351; x_wconf 86' lang='lat' dir='ltr'><strong><em>sermones</em></strong></span> <span class='ocrx_word' id='word_1_366' title='bbox 1818 3298 1883 3352; x_wconf 90' lang='lat' dir='ltr'><strong><em>de</em></strong></span> <span class='ocrx_word' id='word_1_367' title='bbox 1926 3301 2169 3368; x_wconf 88' lang='lat' dir='ltr'><strong><em>superbis</em></strong></span> <span class='ocrx_word' id='word_1_368' title='bbox 2224 3317 2314 3354; x_wconf 86' lang='lat' dir='ltr'><strong><em>co-</em></strong></span> 
     </span>
    </p>
   </div>
   <div class='ocr_carea' id='block_1_51' title="bbox 788 3387 1062 3442">
    <p class='ocr_par' dir='ltr' id='par_1_51' title="bbox 788 3387 1062 3442">
     <span class='ocr_line' id='line_1_51' title="bbox 788 3387 1062 3442; baseline 0.011 -16"><span class='ocrx_word' id='word_1_369' title='bbox 788 3387 1062 3442; x_wconf 77' lang='lat' dir='ltr'><strong><em>gnoscam.</em></strong></span> 
     </span>
    </p>
   </div>
   <div class='ocr_carea' id='block_1_52' title="bbox 858 3528 2307 3610">
    <p class='ocr_par' dir='ltr' id='par_1_52' title="bbox 858 3528 2307 3610">
     <span class='ocr_line' id='line_1_52' title="bbox 858 3528 2307 3610; baseline 0.007 -28"><span class='ocrx_word' id='word_1_370' title='bbox 858 3528 1021 3586; x_wconf 75' lang='lat' dir='ltr'><strong><em>Vens.</em></strong></span> <span class='ocrx_word' id='word_1_371' title='bbox 1055 3531 1142 3585; x_wconf 88' lang='grc'><strong><em>69.</em></strong></span> <span class='ocrx_word' id='word_1_372' title='bbox 1180 3532 1531 3602; x_wconf 77' lang='lat' dir='ltr'><strong><em>Maltipticata</em></strong></span> <span class='ocrx_word' id='word_1_373' title='bbox 1553 3545 1630 3591; x_wconf 74' lang='lat' dir='ltr'><strong><em>est</em></strong></span> <span class='ocrx_word' id='word_1_374' title='bbox 1658 3553 1810 3605; x_wconf 80' lang='lat' dir='ltr'><strong><em>super</em></strong></span> <span class='ocrx_word' id='word_1_375' title='bbox 1842 3555 1919 3592; x_wconf 90' lang='lat' dir='ltr'><strong><em>me</em></strong></span> <span class='ocrx_word' id='word_1_376' title='bbox 1949 3541 2194 3610; x_wconf 81' lang='lat' dir='ltr'><strong><em>iniquitas</em></strong></span> <span class='ocrx_word' id='word_1_377' title='bbox 2224 3558 2307 3594; x_wconf 82' lang='lat' dir='ltr'><strong><em>su-</em></strong></span> 
     </span>
    </p>
   </div>
   <div class='ocr_carea' id='block_1_53' title="bbox 788 3618 2313 3688">
    <p class='ocr_par' dir='ltr' id='par_1_53' title="bbox 788 3618 2313 3688">
     <span class='ocr_line' id='line_1_53' title="bbox 788 3618 2313 3688; baseline 0.004 -17"><span class='ocrx_word' id='word_1_378' title='bbox 788 3618 1095 3685; x_wconf 81' lang='lat' dir='ltr'><strong><em>perborum;</em></strong></span> <span class='ocrx_word' id='word_1_379' title='bbox 1123 3636 1212 3688; x_wconf 85' lang='lat' dir='ltr'><strong><em>ego</em></strong></span> <span class='ocrx_word' id='word_1_380' title='bbox 1240 3631 1407 3674; x_wconf 85' lang='lat' dir='ltr'><strong><em>autem</em></strong></span> <span class='ocrx_word' id='word_1_381' title='bbox 1442 3623 1496 3675; x_wconf 85' lang='lat' dir='ltr'><strong><em>in</em></strong></span> <span class='ocrx_word' id='word_1_382' title='bbox 1542 3632 1653 3688; x_wconf 81' lang='lat' dir='ltr'><strong><em>toto</em></strong></span> <span class='ocrx_word' id='word_1_383' title='bbox 1707 3625 1857 3678; x_wconf 85' lang='lat' dir='ltr'><strong><em>corde</em></strong></span> <span class='ocrx_word' id='word_1_384' title='bbox 1907 3630 2313 3680; x_wconf 72' lang='lat' dir='ltr'><strong><em>meoscrutabor</em></strong></span> 
     </span>
    </p>
   </div>
   <div class='ocr_carea' id='block_1_54' title="bbox 790 3708 2313 3787">
    <p class='ocr_par' dir='ltr' id='par_1_54' title="bbox 790 3708 2313 3787">
     <span class='ocr_line' id='line_1_54' title="bbox 790 3708 2313 3787; baseline 0.007 -27"><span class='ocrx_word' id='word_1_385' title='bbox 790 3708 1039 3761; x_wconf 80' lang='lat' dir='ltr'><strong><em>mandata</em></strong></span> <span class='ocrx_word' id='word_1_386' title='bbox 1074 3719 1182 3763; x_wconf 84' lang='lat' dir='ltr'><strong><em>tua.</em></strong></span> <span class='ocrx_word' id='word_1_387' title='bbox 1211 3709 1420 3774; x_wconf 85' lang='lat' dir='ltr'><strong><em>Quanto</em></strong></span> <span class='ocrx_word' id='word_1_388' title='bbox 1453 3712 1650 3780; x_wconf 88' lang='lat' dir='ltr'><strong><em>justior</em></strong></span> <span class='ocrx_word' id='word_1_389' title='bbox 1673 3715 1940 3784; x_wconf 89' lang='lat' dir='ltr'><strong><em>quispiam</em></strong></span> <span class='ocrx_word' id='word_1_390' title='bbox 1964 3725 2067 3782; x_wconf 91' lang='lat' dir='ltr'><strong><em>est,</em></strong></span> <span class='ocrx_word' id='word_1_391' title='bbox 2105 3716 2313 3787; x_wconf 90' lang='lat' dir='ltr'><strong><em>Deoque</em></strong></span> 
     </span>
    </p>
   </div>
   <div class='ocr_carea' id='block_1_55' title="bbox 789 3798 2312 3877">
    <p class='ocr_par' dir='ltr' id='par_1_55' title="bbox 789 3798 2312 3877">
     <span class='ocr_line' id='line_1_55' title="bbox 789 3798 2312 3877; baseline 0.006 -25"><span class='ocrx_word' id='word_1_392' title='bbox 789 3799 961 3869; x_wconf 73' lang='lat' dir='ltr'><strong><em>magis</em></strong></span> <span class='ocrx_word' id='word_1_393' title='bbox 1007 3798 1259 3863; x_wconf 62' lang='lat' dir='ltr'><strong><em>adhaeret,</em></strong></span> <span class='ocrx_word' id='word_1_394' title='bbox 1293 3815 1354 3870; x_wconf 86' lang='lat' dir='ltr'><strong><em>ac</em></strong></span> <span class='ocrx_word' id='word_1_395' title='bbox 1399 3802 1454 3856; x_wconf 90' lang='lat' dir='ltr'><strong><em>in</em></strong></span> <span class='ocrx_word' id='word_1_396' title='bbox 1501 3818 1565 3858; x_wconf 89' lang='lat' dir='ltr'><strong><em>eo</em></strong></span> <span class='ocrx_word' id='word_1_397' title='bbox 1603 3819 1706 3873; x_wconf 80' lang='lat' dir='ltr'><strong><em>pax</em></strong></span> <span class='ocrx_word' id='word_1_398' title='bbox 1757 3805 1850 3860; x_wconf 87' lang='lat' dir='ltr'><strong><em>Dei</em></strong></span> <span class='ocrx_word' id='word_1_399' title='bbox 1893 3808 2312 3877; x_wconf 76' lang='lat' dir='ltr'><strong><em>multiplicatur;</em></strong></span> 
     </span>
    </p>
   </div>
   <div class='ocr_carea' id='block_1_56' title="bbox 789 3891 2286 3966">
    <p class='ocr_par' dir='ltr' id='par_1_56' title="bbox 789 3891 2286 3966">
     <span class='ocr_line' id='line_1_56' title="bbox 789 3891 2286 3966; baseline 0.009 -26"><span class='ocrx_word' id='word_1_400' title='bbox 789 3895 939 3943; x_wconf 87' lang='lat' dir='ltr'><strong><em>tanto</em></strong></span> <span class='ocrx_word' id='word_1_401' title='bbox 972 3891 1137 3960; x_wconf 75' lang='lat' dir='ltr'><strong><em>magis</em></strong></span> <span class='ocrx_word' id='word_1_402' title='bbox 1167 3891 1220 3945; x_wconf 93' lang='lat' dir='ltr'><strong><em>in</em></strong></span> <span class='ocrx_word' id='word_1_403' title='bbox 1241 3906 1326 3956; x_wconf 90' lang='lat' dir='ltr'><strong><em>eo,</em></strong></span> <span class='ocrx_word' id='word_1_404' title='bbox 1356 3900 1538 3962; x_wconf 88' lang='lat' dir='ltr'><strong><em>utpote</em></strong></span> <span class='ocrx_word' id='word_1_405' title='bbox 1565 3897 1918 3966; x_wconf 64' lang='lat' dir='ltr'><strong><em>praestantiori</em></strong></span> <span class='ocrx_word' id='word_1_406' title='bbox 1955 3899 2172 3966; x_wconf 84' lang='lat' dir='ltr'><strong><em>athleta,</em></strong></span> <span class='ocrx_word' id='word_1_407' title='bbox 2204 3901 2286 3953; x_wconf 89' lang='lat' dir='ltr'><strong><em>vir</em></strong></span> 
     </span>
    </p>
   </div>
   <div class='ocr_carea' id='block_1_57' title="bbox 790 3980 2312 4054">
    <p class='ocr_par' dir='ltr' id='par_1_57' title="bbox 790 3980 2312 4054">
     <span class='ocr_line' id='line_1_57' title="bbox 790 3980 2312 4054; baseline 0.007 -25"><span class='ocrx_word' id='word_1_408' title='bbox 790 3984 879 4032; x_wconf 76' lang='lat' dir='ltr'><strong><em>tus</em></strong></span> <span class='ocrx_word' id='word_1_409' title='bbox 921 3980 1201 4044; x_wconf 85' lang='lat' dir='ltr'><strong><em>accrescit,</em></strong></span> <span class='ocrx_word' id='word_1_410' title='bbox 1266 3982 1547 4051; x_wconf 85' lang='lat' dir='ltr'><strong><em>plusquam</em></strong></span> <span class='ocrx_word' id='word_1_411' title='bbox 1597 3984 1948 4052; x_wconf 89' lang='lat' dir='ltr'><strong><em>superborum</em></strong></span> <span class='ocrx_word' id='word_1_412' title='bbox 2003 3985 2177 4054; x_wconf 87' lang='lat' dir='ltr'><strong><em>ipsum</em></strong></span> <span class='ocrx_word' id='word_1_413' title='bbox 2219 3988 2312 4040; x_wconf 83' lang='lat' dir='ltr'><strong><em>lae-</em></strong></span> 
     </span>
    </p>
   </div>
   <div class='ocr_carea' id='block_1_58' title="bbox 789 4067 2314 4138">
    <p class='ocr_par' dir='ltr' id='par_1_58' title="bbox 789 4067 2314 4138">
     <span class='ocr_line' id='line_1_58' title="bbox 789 4067 2314 4138; baseline 0.007 -17"><span class='ocrx_word' id='word_1_414' title='bbox 789 4067 920 4122; x_wconf 88' lang='lat' dir='ltr'><strong><em>dere</em></strong></span> <span class='ocrx_word' id='word_1_415' title='bbox 947 4069 1272 4138; x_wconf 82' lang='lat' dir='ltr'><strong><em>volentium;</em></strong></span> <span class='ocrx_word' id='word_1_416' title='bbox 1300 4072 1412 4126; x_wconf 83' lang='lat' dir='ltr'><strong><em>sive</em></strong></span> <span class='ocrx_word' id='word_1_417' title='bbox 1439 4071 1866 4128; x_wconf 87' lang='lat' dir='ltr'><strong><em>adversariarum</em></strong></span> <span class='ocrx_word' id='word_1_418' title='bbox 1896 4069 2174 4137; x_wconf 77' lang='lat' dir='ltr'><strong><em>virtutum,</em></strong></span> <span class='ocrx_word' id='word_1_419' title='bbox 2204 4078 2314 4132; x_wconf 87' lang='lat' dir='ltr'><strong><em>sive</em></strong></span> 
     </span>
    </p>
   </div>
   <div class='ocr_carea' id='block_1_59' title="bbox 795 4156 2313 4230">
    <p class='ocr_par' dir='ltr' id='par_1_59' title="bbox 795 4156 2313 4230">
     <span class='ocr_line' id='line_1_59' title="bbox 795 4156 2313 4230; baseline 0.007 -20"><span class='ocrx_word' id='word_1_420' title='bbox 795 4156 1089 4214; x_wconf 88' lang='lat' dir='ltr'><strong><em>hominum.</em></strong></span> <span class='ocrx_word' id='word_1_421' title='bbox 1125 4157 1234 4213; x_wconf 86' lang='lat' dir='ltr'><strong><em>Hoc</em></strong></span> <span class='ocrx_word' id='word_1_422' title='bbox 1289 4170 1464 4214; x_wconf 85' lang='lat' dir='ltr'><strong><em>autem</em></strong></span> <span class='ocrx_word' id='word_1_423' title='bbox 1511 4170 1749 4230; x_wconf 85' lang='lat' dir='ltr'><strong><em>peracto,</em></strong></span> <span class='ocrx_word' id='word_1_424' title='bbox 1800 4179 1867 4218; x_wconf 88' lang='lat' dir='ltr'><strong><em>ne</em></strong></span> <span class='ocrx_word' id='word_1_425' title='bbox 1902 4160 1979 4218; x_wconf 87' lang='lat' dir='ltr'><strong><em>vel</em></strong></span> <span class='ocrx_word' id='word_1_426' title='bbox 2036 4167 2313 4219; x_wconf 90' lang='lat' dir='ltr'><strong><em>minimum</em></strong></span> 
     </span>
    </p>
   </div>
   <div class='ocr_carea' id='block_1_60' title="bbox 793 4249 2315 4326">
    <p class='ocr_par' dir='ltr' id='par_1_60' title="bbox 793 4249 2315 4326">
     <span class='ocr_line' id='line_1_60' title="bbox 793 4249 2315 4326; baseline 0.009 -27"><span class='ocrx_word' id='word_1_427' title='bbox 793 4249 1006 4316; x_wconf 89' lang='lat' dir='ltr'><strong><em>quidem</em></strong></span> <span class='ocrx_word' id='word_1_428' title='bbox 1035 4250 1309 4326; x_wconf 77' lang='lat' dir='ltr'><strong><em>remissior</em></strong></span> <span class='ocrx_word' id='word_1_429' title='bbox 1342 4252 1534 4320; x_wconf 85' lang='lat' dir='ltr'><strong><em>evadit,</em></strong></span> <span class='ocrx_word' id='word_1_430' title='bbox 1569 4255 1855 4320; x_wconf 87' lang='lat' dir='ltr'><strong><em>quominus</em></strong></span> <span class='ocrx_word' id='word_1_431' title='bbox 1917 4256 1971 4309; x_wconf 90' lang='lat' dir='ltr'><strong><em>in</em></strong></span> <span class='ocrx_word' id='word_1_432' title='bbox 2018 4263 2131 4311; x_wconf 91' lang='lat' dir='ltr'><strong><em>toto</em></strong></span> <span class='ocrx_word' id='word_1_433' title='bbox 2155 4257 2315 4313; x_wconf 88' lang='lat' dir='ltr'><strong><em>corde</em></strong></span> 
     </span>
    </p>
   </div>
   <div class='ocr_carea' id='block_1_61' title="bbox 792 4340 1867 4406">
    <p class='ocr_par' dir='ltr' id='par_1_61' title="bbox 792 4340 1867 4406">
     <span class='ocr_line' id='line_1_61' title="bbox 792 4340 1867 4406; baseline 0.006 -15"><span class='ocrx_word' id='word_1_434' title='bbox 792 4345 1063 4393; x_wconf 87' lang='lat' dir='ltr'><strong><em>scrutetur</em></strong></span> <span class='ocrx_word' id='word_1_435' title='bbox 1095 4342 1340 4394; x_wconf 86' lang='lat' dir='ltr'><strong><em>mandata</em></strong></span> <span class='ocrx_word' id='word_1_436' title='bbox 1369 4340 1481 4406; x_wconf 90' lang='lat' dir='ltr'><strong><em>Dei,</em></strong></span> <span class='ocrx_word' id='word_1_437' title='bbox 1513 4353 1569 4396; x_wconf 93' lang='lat' dir='ltr'><strong><em>ut</em></strong></span> <span class='ocrx_word' id='word_1_438' title='bbox 1595 4343 1758 4399; x_wconf 83' lang='lat' dir='ltr'><strong><em>faciat</em></strong></span> <span class='ocrx_word' id='word_1_439' title='bbox 1785 4343 1867 4400; x_wconf 83' lang='lat' dir='ltr'><strong><em>ea.</em></strong></span> 
     </span>
    </p>
   </div>
   <div class='ocr_carea' id='block_1_62' title="bbox 861 4422 2313 4498">
    <p class='ocr_par' dir='ltr' id='par_1_62' title="bbox 861 4422 2313 4498">
     <span class='ocr_line' id='line_1_62' title="bbox 861 4422 2313 4498; baseline 0.01 -22"><span class='ocrx_word' id='word_1_440' title='bbox 861 4422 1022 4479; x_wconf 71' lang='lat' dir='ltr'><strong><em>Vnus.</em></strong></span> <span class='ocrx_word' id='word_1_441' title='bbox 1055 4425 1233 4481; x_wconf 74' lang='lat'><strong><em>70-72.</em></strong></span> <span class='ocrx_word' id='word_1_442' title='bbox 1257 4422 1600 4498; x_wconf 85' lang='lat' dir='ltr'><strong><em>Coagulatum</em></strong></span> <span class='ocrx_word' id='word_1_443' title='bbox 1620 4440 1696 4484; x_wconf 79' lang='lat' dir='ltr'><strong><em>est</em></strong></span> <span class='ocrx_word' id='word_1_444' title='bbox 1728 4433 1861 4486; x_wconf 81' lang='lat' dir='ltr'><strong><em>sicut</em></strong></span> <span class='ocrx_word' id='word_1_445' title='bbox 1879 4434 1960 4486; x_wconf 85' lang='lat' dir='ltr'><strong><em>lac</em></strong></span> <span class='ocrx_word' id='word_1_446' title='bbox 1989 4451 2079 4488; x_wconf 85' lang='lat' dir='ltr'><strong><em>cor</em></strong></span> <span class='ocrx_word' id='word_1_447' title='bbox 2107 4452 2313 4490; x_wconf 84' lang='lat' dir='ltr'><strong><em>eorum:</em></strong></span> 
     </span>
    </p>
   </div>
   <div class='ocr_carea' id='block_1_63' title="bbox 791 4516 2315 4587">
    <p class='ocr_par' dir='ltr' id='par_1_63' title="bbox 791 4516 2315 4587">
     <span class='ocr_line' id='line_1_63' title="bbox 791 4516 2315 4587; baseline 0.01 -20"><span class='ocrx_word' id='word_1_448' title='bbox 791 4531 880 4584; x_wconf 86' lang='lat' dir='ltr'><strong><em>ego</em></strong></span> <span class='ocrx_word' id='word_1_449' title='bbox 915 4531 1029 4569; x_wconf 73' lang='lat' dir='ltr'><strong><em>vero</em></strong></span> <span class='ocrx_word' id='word_1_450' title='bbox 1059 4516 1215 4585; x_wconf 80' lang='lat' dir='ltr'><strong><em>legem</em></strong></span> <span class='ocrx_word' id='word_1_451' title='bbox 1258 4529 1402 4587; x_wconf 71' lang='lat' dir='ltr'><strong><em>tuam</em></strong></span> <span class='ocrx_word' id='word_1_452' title='bbox 1440 4521 1716 4576; x_wconf 80' lang='lat' dir='ltr'><strong><em>meditatus</em></strong></span> <span class='ocrx_word' id='word_1_453' title='bbox 1767 4539 1902 4577; x_wconf 75' lang='lat' dir='ltr'><strong><em>rum.</em></strong></span> <span class='ocrx_word' id='word_1_454' title='bbox 1944 4518 2144 4579; x_wconf 84' lang='lat' dir='ltr'><strong><em>Bonum</em></strong></span> <span class='ocrx_word' id='word_1_455' title='bbox 2191 4521 2315 4582; x_wconf 79' lang='lat' dir='ltr'><strong><em>mihi</em></strong></span> 
     </span>
    </p>
   </div>
   <div class='ocr_carea' id='block_1_64' title="bbox 790 4605 2310 4682">
    <p class='ocr_par' dir='ltr' id='par_1_64' title="bbox 790 4605 2310 4682">
     <span class='ocr_line' id='line_1_64' title="bbox 790 4605 2310 4682; baseline 0.009 -25"><span class='ocrx_word' id='word_1_456' title='bbox 790 4607 914 4672; x_wconf 74' lang='lat' dir='ltr'><strong><em>quia</em></strong></span> <span class='ocrx_word' id='word_1_457' title='bbox 945 4605 1237 4660; x_wconf 79' lang='lat' dir='ltr'><strong><em>humiliasti-</em></strong></span> <span class='ocrx_word' id='word_1_458' title='bbox 1263 4625 1360 4671; x_wconf 85' lang='lat' dir='ltr'><strong><em>me,</em></strong></span> <span class='ocrx_word' id='word_1_459' title='bbox 1393 4620 1449 4662; x_wconf 92' lang='lat' dir='ltr'><strong><em>ut</em></strong></span> <span class='ocrx_word' id='word_1_460' title='bbox 1486 4610 1681 4665; x_wconf 75' lang='lat' dir='ltr'><strong><em>discam</em></strong></span> <span class='ocrx_word' id='word_1_461' title='bbox 1726 4614 2128 4682; x_wconf 75' lang='lat' dir='ltr'><strong><em>justiﬁcationes</em></strong></span> <span class='ocrx_word' id='word_1_462' title='bbox 2174 4627 2310 4672; x_wconf 77' lang='lat' dir='ltr'><strong><em>tuas.</em></strong></span> 
     </span>
    </p>
   </div>
   <div class='ocr_carea' id='block_1_65' title="bbox 793 4695 2310 4781">
    <p class='ocr_par' dir='ltr' id='par_1_65' title="bbox 793 4695 2310 4781">
     <span class='ocr_line' id='line_1_65' title="bbox 793 4695 2310 4781; baseline 0.011 -32"><span class='ocrx_word' id='word_1_463' title='bbox 793 4695 993 4750; x_wconf 86' lang='lat' dir='ltr'><strong><em>Bonum</em></strong></span> <span class='ocrx_word' id='word_1_464' title='bbox 1022 4698 1150 4751; x_wconf 79' lang='lat' dir='ltr'><strong><em>mihi</em></strong></span> <span class='ocrx_word' id='word_1_465' title='bbox 1177 4699 1258 4752; x_wconf 69' lang='lat' dir='ltr'><strong><em>lex-</em></strong></span> <span class='ocrx_word' id='word_1_466' title='bbox 1279 4703 1381 4754; x_wconf 81' lang='lat' dir='ltr'><strong><em>oris</em></strong></span> <span class='ocrx_word' id='word_1_467' title='bbox 1410 4705 1485 4756; x_wconf 85' lang='lat' dir='ltr'><strong><em>tui</em></strong></span> <span class='ocrx_word' id='word_1_468' title='bbox 1507 4719 1658 4772; x_wconf 81' lang='lat' dir='ltr'><strong><em>super</em></strong></span> <span class='ocrx_word' id='word_1_469' title='bbox 1672 4707 1840 4759; x_wconf 88' lang='lat' dir='ltr'><strong><em>millia</em></strong></span> <span class='ocrx_word' id='word_1_470' title='bbox 1871 4707 2066 4768; x_wconf 78' lang='lat' dir='ltr'><strong><em>auriet</em></strong></span> <span class='ocrx_word' id='word_1_471' title='bbox 2095 4712 2310 4781; x_wconf 84' lang='lat' dir='ltr'><strong><em>argenti.</em></strong></span> 
     </span>
    </p>
   </div>
   <div class='ocr_carea' id='block_1_66' title="bbox 2411 2212 2800 2280">
    <p class='ocr_par' dir='ltr' id='par_1_66' title="bbox 2411 2212 2800 2280">
     <span class='ocr_line' id='line_1_66' title="bbox 2411 2212 2800 2280; baseline 0.003 -15"><span class='ocrx_word' id='word_1_472' title='bbox 2411 2212 2550 2265; x_wconf 87' lang='grc' dir='ltr'>δείαν</span> <span class='ocrx_word' id='word_1_473' title='bbox 2574 2213 2800 2280; x_wconf 78' lang='grc' dir='ltr'><strong><em>ἐγένετο.</em></strong></span> 
     </span>
    </p>
   </div>
   <div class='ocr_carea' id='block_1_67' title="bbox 2478 2299 3947 2373">
    <p class='ocr_par' dir='ltr' id='par_1_67' title="bbox 2478 2299 3947 2373">
     <span class='ocr_line' id='line_1_67' title="bbox 2478 2299 3947 2373; baseline 0.005 -20"><span class='ocrx_word' id='word_1_474' title='bbox 2478 2301 2744 2369; x_wconf 83' lang='grc' dir='ltr'>Χρηστὸς</span> <span class='ocrx_word' id='word_1_475' title='bbox 2782 2299 2842 2355; x_wconf 80' lang='grc' dir='ltr'><strong><em>εἴ</em></strong></span> <span class='ocrx_word' id='word_1_476' title='bbox 2869 2301 2969 2364; x_wconf 86' lang='grc' dir='ltr'>σὺ,</span> <span class='ocrx_word' id='word_1_477' title='bbox 3002 2303 3192 2369; x_wconf 83' lang='grc' dir='ltr'>Κύριε,</span> <span class='ocrx_word' id='word_1_478' title='bbox 3225 2303 3320 2356; x_wconf 76' lang='grc' dir='ltr'><strong><em>καὶ</em></strong></span> <span class='ocrx_word' id='word_1_479' title='bbox 3355 2303 3427 2372; x_wconf 77' lang='grc' dir='ltr'><strong><em>τῇ</em></strong></span> <span class='ocrx_word' id='word_1_480' title='bbox 3457 2307 3808 2373; x_wconf 76' lang='grc' dir='ltr'>χρηστότητι</span> <span class='ocrx_word' id='word_1_481' title='bbox 3829 2321 3947 2361; x_wconf 88' lang='grc' dir='ltr'><strong><em>σου</em></strong></span> 
     </span>
    </p>
   </div>
   <div class='ocr_carea' id='block_1_68' title="bbox 2411 2390 3947 2469">
    <p class='ocr_par' dir='ltr' id='par_1_68' title="bbox 2411 2390 3947 2469">
     <span class='ocr_line' id='line_1_68' title="bbox 2411 2390 3947 2469; baseline 0.007 -27"><span class='ocrx_word' id='word_1_482' title='bbox 2411 2390 2652 2456; x_wconf 80' lang='grc' dir='ltr'>δίδαξόν</span> <span class='ocrx_word' id='word_1_483' title='bbox 2692 2408 2768 2461; x_wconf 83' lang='grc' dir='ltr'>με</span> <span class='ocrx_word' id='word_1_484' title='bbox 2806 2391 2877 2446; x_wconf 86' lang='grc' dir='ltr'><strong><em>τὰ</em></strong></span> <span class='ocrx_word' id='word_1_485' title='bbox 2924 2390 3271 2461; x_wconf 82' lang='grc' dir='ltr'>δικαιώματά</span> <span class='ocrx_word' id='word_1_486' title='bbox 3321 2409 3454 2448; x_wconf 87' lang='grc' dir='ltr'>σου.</span> <span class='ocrx_word' id='word_1_487' title='bbox 3519 2398 3733 2449; x_wconf 86' lang='grc' dir='ltr'>Δικαίου</span> <span class='ocrx_word' id='word_1_488' title='bbox 3789 2399 3947 2469; x_wconf 74' lang='grc' dir='ltr'>ἔργον</span> 
     </span>
    </p>
   </div>
   <div class='ocr_carea' id='block_1_69' title="bbox 2411 2482 3947 2557">
    <p class='ocr_par' dir='ltr' id='par_1_69' title="bbox 2411 2482 3947 2557">
     <span class='ocr_line' id='line_1_69' title="bbox 2411 2482 3947 2557; baseline 0.007 -24"><span class='ocrx_word' id='word_1_489' title='bbox 2411 2482 2574 2544; x_wconf 74' lang='grc' dir='ltr'>ἐστὶν,</span> <span class='ocrx_word' id='word_1_490' title='bbox 2592 2482 2681 2534; x_wconf 71' lang='grc' dir='ltr'><strong><em>ὲπὶ</em></strong></span> <span class='ocrx_word' id='word_1_491' title='bbox 2696 2484 2827 2535; x_wconf 78' lang='grc' dir='ltr'>πᾶσι</span> <span class='ocrx_word' id='word_1_492' title='bbox 2849 2484 2958 2547; x_wconf 84' lang='grc' dir='ltr'>τοῖς</span> <span class='ocrx_word' id='word_1_493' title='bbox 2989 2483 3361 2554; x_wconf 74' lang='grc' dir='ltr'>συμϐαίνουσιν</span> <span class='ocrx_word' id='word_1_494' title='bbox 3384 2486 3831 2557; x_wconf 80' lang='grc' dir='ltr'>εὑαρεστούμενον</span> <span class='ocrx_word' id='word_1_495' title='bbox 3854 2491 3947 2544; x_wconf 86' lang='grc' dir='ltr'>καὶ</span> 
     </span>
    </p>
   </div>
   <div class='ocr_carea' id='block_1_70' title="bbox 2413 2569 3991 2650">
    <p class='ocr_par' dir='ltr' id='par_1_70' title="bbox 2413 2569 3991 2650">
     <span class='ocr_line' id='line_1_70' title="bbox 2413 2569 3991 2650; baseline 0.008 -29"><span class='ocrx_word' id='word_1_496' title='bbox 2413 2569 2910 2642; x_wconf 84' lang='grc' dir='ltr'>κατακληρούμενον</span> <span class='ocrx_word' id='word_1_497' title='bbox 2939 2574 3044 2626; x_wconf 85' lang='grc' dir='ltr'>ἀπὸ</span> <span class='ocrx_word' id='word_1_498' title='bbox 3070 2575 3166 2645; x_wconf 83' lang='grc' dir='ltr'>τῆς</span> <span class='ocrx_word' id='word_1_499' title='bbox 3199 2575 3475 2647; x_wconf 89' lang='grc' dir='ltr'>Προνοίας,</span> <span class='ocrx_word' id='word_1_500' title='bbox 3504 2579 3695 2650; x_wconf 69' lang='grc' dir='ltr'>ἱλαρῶς</span> <span class='ocrx_word' id='word_1_501' title='bbox 3725 2579 3945 2650; x_wconf 76' lang='grc' dir='ltr'>δεχομέ-</span> <span class='ocrx_word' id='word_1_502' title='bbox 3989 2613 3991 2615; x_wconf 64' lang='grc' dir='ltr'><strong><em>ι</em></strong></span> 
     </span>
    </p>
   </div>
   <div class='ocr_carea' id='block_1_71' title="bbox 2412 2658 3943 2740">
    <p class='ocr_par' dir='ltr' id='par_1_71' title="bbox 2412 2658 3943 2740">
     <span class='ocr_line' id='line_1_71' title="bbox 2412 2658 3943 2740; baseline 0.01 -31"><span class='ocrx_word' id='word_1_503' title='bbox 2412 2674 2499 2709; x_wconf 90' lang='grc' dir='ltr'><strong><em>νου</em></strong></span> <span class='ocrx_word' id='word_1_504' title='bbox 2520 2658 2709 2725; x_wconf 83' lang='grc' dir='ltr'>λέγειν,</span> <span class='ocrx_word' id='word_1_505' title='bbox 2729 2661 2818 2712; x_wconf 77' lang='grc' dir='ltr'>καὶ</span> <span class='ocrx_word' id='word_1_506' title='bbox 2837 2661 2925 2713; x_wconf 78' lang='grc' dir='ltr'><strong><em>ἐπὶ</em></strong></span> <span class='ocrx_word' id='word_1_507' title='bbox 2945 2664 3050 2724; x_wconf 83' lang='grc' dir='ltr'>τοῖς</span> <span class='ocrx_word' id='word_1_508' title='bbox 3062 2664 3391 2735; x_wconf 78' lang='grc' dir='ltr'>πικροτέροις</span> <span class='ocrx_word' id='word_1_509' title='bbox 3407 2662 3538 2721; x_wconf 76' lang='grc' dir='ltr'>εῖναι</span> <span class='ocrx_word' id='word_1_510' title='bbox 3559 2670 3943 2740; x_wconf 78' lang='grc' dir='ltr'>νομιζομένοις,</span> 
     </span>
    </p>
   </div>
   <div class='ocr_carea' id='block_1_72' title="bbox 2412 2746 3945 2827">
    <p class='ocr_par' dir='ltr' id='par_1_72' title="bbox 2412 2746 3945 2827">
     <span class='ocr_line' id='line_1_72' title="bbox 2412 2746 3945 2827; baseline 0.009 -30"><span class='ocrx_word' id='word_1_511' title='bbox 2412 2747 2489 2816; x_wconf 84' lang='grc' dir='ltr'><strong>τῷ</strong></span> <span class='ocrx_word' id='word_1_512' title='bbox 2512 2746 2628 2817; x_wconf 84' lang='grc' dir='ltr'><strong><em>Θεῷ</em></strong></span> <span class='ocrx_word' id='word_1_513' title='bbox 2653 2749 2712 2799; x_wconf 86' lang='grc' dir='ltr'><strong><em>τό</em></strong></span> <span class='ocrx_word' id='word_1_514' title='bbox 2728 2765 2740 2778; x_wconf 66' lang='grc' dir='ltr'><strong>ν</strong></span> <span class='ocrx_word' id='word_1_515' title='bbox 2781 2749 3044 2817; x_wconf 81' lang='grc' dir='ltr'>Χρηστὸς</span> <span class='ocrx_word' id='word_1_516' title='bbox 3065 2747 3121 2804; x_wconf 78' lang='grc' dir='ltr'><strong><em>εἳ</em></strong></span> <span class='ocrx_word' id='word_1_517' title='bbox 3144 2753 3242 2816; x_wconf 90' lang='grc' dir='ltr'>σὺ,</span> <span class='ocrx_word' id='word_1_518' title='bbox 3274 2756 3363 2806; x_wconf 76' lang='grc' dir='ltr'><strong><em>καὶ</em></strong></span> <span class='ocrx_word' id='word_1_519' title='bbox 3386 2755 3472 2807; x_wconf 86' lang='grc' dir='ltr'><strong><em>τό·</em></strong></span> <span class='ocrx_word' id='word_1_520' title='bbox 3497 2759 3820 2827; x_wconf 54' lang='lat' dir='ltr'><strong><em>Eulog-timo</em></strong></span> <span class='ocrx_word' id='word_1_521' title='bbox 3838 2758 3945 2812; x_wconf 75' lang='grc' dir='ltr'><strong><em>τὸν</em></strong></span> 
     </span>
    </p>
   </div>
   <div class='ocr_carea' id='block_1_73' title="bbox 2413 2835 3944 2915">
    <p class='ocr_par' dir='ltr' id='par_1_73' title="bbox 2413 2835 3944 2915">
     <span class='ocr_line' id='line_1_73' title="bbox 2413 2835 3944 2915; baseline 0.009 -29"><span class='ocrx_word' id='word_1_522' title='bbox 2413 2835 2626 2902; x_wconf 79' lang='grc' dir='ltr'><strong><em>Κύριον</em></strong></span> <span class='ocrx_word' id='word_1_523' title='bbox 2679 2835 2748 2887; x_wconf 81' lang='grc' dir='ltr'>ἐν</span> <span class='ocrx_word' id='word_1_524' title='bbox 2803 2836 2974 2901; x_wconf 72' lang='grc' dir='ltr'>παντί</span> <span class='ocrx_word' id='word_1_525' title='bbox 3038 2840 3233 2905; x_wconf 82' lang='grc' dir='ltr'>καιρῷ,</span> <span class='ocrx_word' id='word_1_526' title='bbox 3296 2841 3393 2910; x_wconf 83' lang='grc' dir='ltr'><strong><em>τῆς</em></strong></span> <span class='ocrx_word' id='word_1_527' title='bbox 3458 2843 3620 2914; x_wconf 81' lang='grc' dir='ltr'>αὑτῆς</span> <span class='ocrx_word' id='word_1_528' title='bbox 3669 2845 3944 2915; x_wconf 79' lang='grc' dir='ltr'>“ὲχόμενον</span> 
     </span>
    </p>
   </div>
   <div class='ocr_carea' id='block_1_74' title="bbox 2415 2925 3941 2998">
    <p class='ocr_par' dir='ltr' id='par_1_74' title="bbox 2415 2925 3941 2998">
     <span class='ocr_line' id='line_1_74' title="bbox 2415 2925 3941 2998; baseline 0.008 -23"><span class='ocrx_word' id='word_1_529' title='bbox 2415 2925 2790 2994; x_wconf 84' lang='grc' dir='ltr'>προαιρέσεως.</span> <span class='ocrx_word' id='word_1_530' title='bbox 2838 2926 2976 2977; x_wconf 78' lang='grc' dir='ltr'>Ἀντὶ</span> <span class='ocrx_word' id='word_1_531' title='bbox 3003 2927 3117 2993; x_wconf 87' lang='grc' dir='ltr'>τοῦ,</span> <span class='ocrx_word' id='word_1_532' title='bbox 3150 2931 3413 2996; x_wconf 71' lang='grc' dir='ltr'>Χρηστὸς</span> <span class='ocrx_word' id='word_1_533' title='bbox 3437 2929 3491 2986; x_wconf 76' lang='grc' dir='ltr'>εἷ</span> <span class='ocrx_word' id='word_1_534' title='bbox 3530 2933 3630 2998; x_wconf 86' lang='grc' dir='ltr'>σὺ,</span> <span class='ocrx_word' id='word_1_535' title='bbox 3663 2937 3715 2988; x_wconf 87' lang='grc' dir='ltr'><strong><em>αί</em></strong></span> <span class='ocrx_word' id='word_1_536' title='bbox 3761 2935 3941 2989; x_wconf 73' lang='grc' dir='ltr'>λοιπαὶ</span> 
     </span>
    </p>
   </div>
   <div class='ocr_carea' id='block_1_75' title="bbox 2411 3010 3938 3093">
    <p class='ocr_par' dir='ltr' id='par_1_75' title="bbox 2411 3010 3938 3093">
     <span class='ocr_line' id='line_1_75' title="bbox 2411 3010 3938 3093; baseline 0.009 -29"><span class='ocrx_word' id='word_1_537' title='bbox 2411 3013 2644 3076; x_wconf 75' lang='grc' dir='ltr'>ἐκδόσεις</span> <span class='ocrx_word' id='word_1_538' title='bbox 2662 3029 2674 3042; x_wconf 91' lang='grc'><strong>·</strong></span> <span class='ocrx_word' id='word_1_539' title='bbox 2705 3014 2928 3082; x_wconf 77' lang='grc' dir='ltr'>Ἀγαθός</span> <span class='ocrx_word' id='word_1_540' title='bbox 2954 3010 3013 3068; x_wconf 77' lang='grc' dir='ltr'><strong><em>εἴ</em></strong></span> <span class='ocrx_word' id='word_1_541' title='bbox 3029 3016 3128 3075; x_wconf 85' lang='grc' dir='ltr'>σὺ,</span> <span class='ocrx_word' id='word_1_542' title='bbox 3156 3018 3517 3088; x_wconf 83' lang='grc' dir='ltr'>ἡρμήνευσαν.</span> <span class='ocrx_word' id='word_1_543' title='bbox 3535 3022 3661 3075; x_wconf 81' lang='grc' dir='ltr'>Οἶδα</span> <span class='ocrx_word' id='word_1_544' title='bbox 3691 3025 3786 3093; x_wconf 84' lang='grc' dir='ltr'>μὲν</span> <span class='ocrx_word' id='word_1_545' title='bbox 3823 3021 3938 3087; x_wconf 78' lang='grc' dir='ltr'>οὖν,</span> 
     </span>
    </p>
   </div>
   <div class='ocr_carea' id='block_1_76' title="bbox 2411 3103 3941 3183">
    <p class='ocr_par' dir='ltr' id='par_1_76' title="bbox 2411 3103 3941 3183">
     <span class='ocr_line' id='line_1_76' title="bbox 2411 3103 3941 3183; baseline 0.007 -28"><span class='ocrx_word' id='word_1_546' title='bbox 2411 3103 2562 3173; x_wconf 76' lang='grc' dir='ltr'>φησὶ,</span> <span class='ocrx_word' id='word_1_547' title='bbox 2579 3104 2670 3160; x_wconf 80' lang='grc' dir='ltr'><strong><em>καὶ</em></strong></span> <span class='ocrx_word' id='word_1_548' title='bbox 2692 3105 2788 3156; x_wconf 90' lang='grc' dir='ltr'><strong><em>οὑκ</em></strong></span> <span class='ocrx_word' id='word_1_549' title='bbox 2825 3105 3139 3175; x_wconf 77' lang='grc' dir='ltr'>ἀμφιδάλλω</span> <span class='ocrx_word' id='word_1_550' title='bbox 3162 3107 3284 3179; x_wconf 82' lang='grc' dir='ltr'>περὶ</span> <span class='ocrx_word' id='word_1_551' title='bbox 3304 3109 3402 3178; x_wconf 86' lang='grc' dir='ltr'>τῆς</span> <span class='ocrx_word' id='word_1_552' title='bbox 3425 3111 3521 3179; x_wconf 82' lang='grc' dir='ltr'>σῆς</span> <span class='ocrx_word' id='word_1_553' title='bbox 3547 3112 3749 3178; x_wconf 85' lang='grc' dir='ltr'>οὐσίας,</span> <span class='ocrx_word' id='word_1_554' title='bbox 3777 3115 3857 3166; x_wconf 79' lang='grc' dir='ltr'><strong><em>ὅτι</em></strong></span> <span class='ocrx_word' id='word_1_555' title='bbox 3878 3116 3941 3183; x_wconf 80' lang='grc' dir='ltr'>δὴ</span> 
     </span>
    </p>
   </div>
   <div class='ocr_carea' id='block_1_77' title="bbox 2411 3192 3942 3270">
    <p class='ocr_par' dir='ltr' id='par_1_77' title="bbox 2411 3192 3942 3270">
     <span class='ocr_line' id='line_1_77' title="bbox 2411 3192 3942 3270; baseline 0.01 -26"><span class='ocrx_word' id='word_1_556' title='bbox 2411 3192 2737 3261; x_wconf 85' lang='grc' dir='ltr'>αὑτοάγαθον</span> <span class='ocrx_word' id='word_1_557' title='bbox 2773 3195 3043 3264; x_wconf 85' lang='grc' dir='ltr'>πέφυκεν·</span> <span class='ocrx_word' id='word_1_558' title='bbox 3071 3197 3200 3251; x_wconf 83' lang='grc' dir='ltr'><strong><em>ἀλλά</em></strong></span> <span class='ocrx_word' id='word_1_559' title='bbox 3238 3199 3422 3270; x_wconf 84' lang='grc' dir='ltr'>δέομαι</span> <span class='ocrx_word' id='word_1_560' title='bbox 3459 3202 3794 3267; x_wconf 81' lang='grc' dir='ltr'>διδασκαλίας</span> <span class='ocrx_word' id='word_1_561' title='bbox 3837 3206 3942 3259; x_wconf 86' lang='grc' dir='ltr'><strong><em>τῶν</em></strong></span> 
     </span>
    </p>
   </div>
   <div class='ocr_carea' id='block_1_78' title="bbox 2411 3279 3941 3358">
    <p class='ocr_par' dir='ltr' id='par_1_78' title="bbox 2411 3279 3941 3358">
     <span class='ocr_line' id='line_1_78' title="bbox 2411 3279 3941 3358; baseline 0.008 -26"><span class='ocrx_word' id='word_1_562' title='bbox 2411 3279 2780 3351; x_wconf 77' lang='grc' dir='ltr'>δικαιωμάτων</span> <span class='ocrx_word' id='word_1_563' title='bbox 2810 3300 2920 3346; x_wconf 90' lang='grc' dir='ltr'>σου,</span> <span class='ocrx_word' id='word_1_564' title='bbox 2951 3283 3016 3355; x_wconf 72' lang='grc' dir='ltr'>ῆν</span> <span class='ocrx_word' id='word_1_565' title='bbox 3046 3285 3178 3349; x_wconf 78' lang='grc' dir='ltr'>ἀξιῶ</span> <span class='ocrx_word' id='word_1_566' title='bbox 3213 3286 3415 3351; x_wconf 82' lang='grc' dir='ltr'>διδάξαι</span> <span class='ocrx_word' id='word_1_567' title='bbox 3474 3307 3567 3358; x_wconf 86' lang='grc' dir='ltr'><strong><em>με·</em></strong></span> <span class='ocrx_word' id='word_1_568' title='bbox 3605 3291 3941 3356; x_wconf 84' lang='grc' dir='ltr'>διδασκαλίας</span> 
     </span>
    </p>
   </div>
   <div class='ocr_carea' id='block_1_79' title="bbox 2412 3369 3942 3454">
    <p class='ocr_par' dir='ltr' id='par_1_79' title="bbox 2412 3369 3942 3454">
     <span class='ocr_line' id='line_1_79' title="bbox 2412 3369 3942 3454; baseline 0.01 -34"><span class='ocrx_word' id='word_1_569' title='bbox 2412 3369 2517 3440; x_wconf 87' lang='grc' dir='ltr'><strong><em>γάρ</em></strong></span> <span class='ocrx_word' id='word_1_570' title='bbox 2563 3387 2649 3440; x_wconf 88' lang='grc' dir='ltr'><strong><em>μοι</em></strong></span> <span class='ocrx_word' id='word_1_571' title='bbox 2696 3371 2792 3433; x_wconf 78' lang='grc' dir='ltr'>δεῖ,</span> <span class='ocrx_word' id='word_1_572' title='bbox 2848 3374 2925 3436; x_wconf 88' lang='grc' dir='ltr'><strong><em>είς</em></strong></span> <span class='ocrx_word' id='word_1_573' title='bbox 2966 3373 3028 3426; x_wconf 86' lang='grc' dir='ltr'><strong>τὸ</strong></span> <span class='ocrx_word' id='word_1_574' title='bbox 3069 3373 3264 3441; x_wconf 81' lang='grc' dir='ltr'>γνῶναι</span> <span class='ocrx_word' id='word_1_575' title='bbox 3302 3379 3425 3441; x_wconf 86' lang='grc' dir='ltr'>τοὺς</span> <span class='ocrx_word' id='word_1_576' title='bbox 3471 3381 3593 3450; x_wconf 81' lang='grc' dir='ltr'>περὶ</span> <span class='ocrx_word' id='word_1_577' title='bbox 3637 3381 3741 3436; x_wconf 85' lang='grc' dir='ltr'><strong><em>τῶν</em></strong></span> <span class='ocrx_word' id='word_1_578' title='bbox 3782 3383 3942 3454; x_wconf 88' lang='grc' dir='ltr'>ὑπερ-</span> 
     </span>
    </p>
   </div>
   <div class='ocr_carea' id='block_1_80' title="bbox 2341 3448 2862 3529">
    <p class='ocr_par' dir='ltr' id='par_1_80' title="bbox 2341 3448 2862 3529">
     <span class='ocr_line' id='line_1_80' title="bbox 2341 3448 2862 3529; baseline 0.01 -19"><span class='ocrx_word' id='word_1_579' title='bbox 2341 3448 2380 3502; x_wconf 83' lang='lat' dir='ltr'><strong><em>C</em></strong></span> <span class='ocrx_word' id='word_1_580' title='bbox 2412 3459 2630 3528; x_wconf 84' lang='grc' dir='ltr'>ηφάνων</span> <span class='ocrx_word' id='word_1_581' title='bbox 2660 3460 2862 3529; x_wconf 79' lang='grc' dir='ltr'>λόγους.</span> 
     </span>
    </p>
   </div>
   <div class='ocr_carea' id='block_1_81' title="bbox 2491 3550 3942 3631">
    <p class='ocr_par' dir='ltr' id='par_1_81' title="bbox 2491 3550 3942 3631">
     <span class='ocr_line' id='line_1_81' title="bbox 2491 3550 3942 3631; baseline 0.011 -31"><span class='ocrx_word' id='word_1_582' title='bbox 2491 3550 2851 3630; x_wconf 69' lang='grc' dir='ltr'>Ἐπληθύνθῃ</span> <span class='ocrx_word' id='word_1_583' title='bbox 2873 3553 2966 3618; x_wconf 72' lang='grc' dir='ltr'><strong><em>ἐπ’</em></strong></span> <span class='ocrx_word' id='word_1_584' title='bbox 3005 3553 3108 3625; x_wconf 72' lang='grc' dir='ltr'><strong><em>ἐμὲ</em></strong></span> <span class='ocrx_word' id='word_1_585' title='bbox 3148 3554 3345 3610; x_wconf 79' lang='grc' dir='ltr'>ἀδικία</span> <span class='ocrx_word' id='word_1_586' title='bbox 3384 3559 3800 3628; x_wconf 66' lang='grc' dir='ltr'>ὑπερηφάνων-θ</span> <span class='ocrx_word' id='word_1_587' title='bbox 3830 3561 3942 3631; x_wconf 74' lang='grc' dir='ltr'><strong><em>ἐγὼ</em></strong></span> 
     </span>
    </p>
   </div>
   <div class='ocr_carea' id='block_1_82' title="bbox 2407 3627 3942 3717">
    <p class='ocr_par' dir='ltr' id='par_1_82' title="bbox 2407 3627 3942 3717">
     <span class='ocr_line' id='line_1_82' title="bbox 2407 3627 3942 3717; baseline 0.011 -27"><span class='ocrx_word' id='word_1_588' title='bbox 2407 3636 2474 3690; x_wconf 78' lang='grc' dir='ltr'>δὲ</span> <span class='ocrx_word' id='word_1_589' title='bbox 2499 3638 2567 3691; x_wconf 80' lang='grc' dir='ltr'><strong><em>ἐν</em></strong></span> <span class='ocrx_word' id='word_1_590' title='bbox 2587 3627 2694 3708; x_wconf 80' lang='grc' dir='ltr'><strong><em>ὅλῃ</em></strong></span> <span class='ocrx_word' id='word_1_591' title='bbox 2742 3642 2948 3710; x_wconf 81' lang='grc' dir='ltr'>καρδίᾳ</span> <span class='ocrx_word' id='word_1_592' title='bbox 2973 3662 3090 3711; x_wconf 85' lang='grc' dir='ltr'><strong><em>μου</em></strong></span> <span class='ocrx_word' id='word_1_593' title='bbox 3135 3646 3502 3715; x_wconf 77' lang='grc' dir='ltr'>ἐξερευνήσω</span> <span class='ocrx_word' id='word_1_594' title='bbox 3547 3627 3648 3716; x_wconf 73' lang='grc' dir='ltr'>τὰς</span> <span class='ocrx_word' id='word_1_595' title='bbox 3696 3627 3942 3717; x_wconf 63' lang='grc' dir='ltr'>ἐντακεὶς</span> 
     </span>
    </p>
   </div>
   <div class='ocr_carea' id='block_1_83' title="bbox 2409 3729 3942 3807">
    <p class='ocr_par' dir='ltr' id='par_1_83' title="bbox 2409 3729 3942 3807">
     <span class='ocr_line' id='line_1_83' title="bbox 2409 3729 3942 3807; baseline 0.008 -27"><span class='ocrx_word' id='word_1_596' title='bbox 2409 3741 2540 3782; x_wconf 89' lang='grc' dir='ltr'>σου.</span> <span class='ocrx_word' id='word_1_597' title='bbox 2559 3729 2702 3800; x_wconf 75' lang='grc' dir='ltr'>Ὀσιρ</span> <span class='ocrx_word' id='word_1_598' title='bbox 2719 3731 2919 3795; x_wconf 75' lang='grc' dir='ltr'>δίκαιός</span> <span class='ocrx_word' id='word_1_599' title='bbox 2943 3733 3025 3797; x_wconf 86' lang='grc' dir='ltr'><strong><em>τίς</em></strong></span> <span class='ocrx_word' id='word_1_600' title='bbox 3045 3736 3182 3800; x_wconf 85' lang='grc' dir='ltr'>ὲστι,</span> <span class='ocrx_word' id='word_1_601' title='bbox 3199 3738 3610 3807; x_wconf 78' lang='grc' dir='ltr'>προστιθέμενος</span> <span class='ocrx_word' id='word_1_602' title='bbox 3647 3742 3736 3794; x_wconf 77' lang='grc' dir='ltr'>ἐπὶ</span> <span class='ocrx_word' id='word_1_603' title='bbox 3766 3740 3942 3794; x_wconf 85' lang='grc' dir='ltr'>πλεῖον</span> 
     </span>
    </p>
   </div>
   <div class='ocr_carea' id='block_1_84' title="bbox 2409 3816 3939 3898">
    <p class='ocr_par' dir='ltr' id='par_1_84' title="bbox 2409 3816 3939 3898">
     <span class='ocr_line' id='line_1_84' title="bbox 2409 3816 3939 3898; baseline 0.01 -30"><span class='ocrx_word' id='word_1_604' title='bbox 2409 3816 2484 3887; x_wconf 80' lang='grc' dir='ltr'><strong>τῷ</strong></span> <span class='ocrx_word' id='word_1_605' title='bbox 2519 3816 2655 3888; x_wconf 84' lang='grc' dir='ltr'><strong><em>Θεῷ,</em></strong></span> <span class='ocrx_word' id='word_1_606' title='bbox 2689 3820 2781 3873; x_wconf 74' lang='grc' dir='ltr'>καὶ</span> <span class='ocrx_word' id='word_1_607' title='bbox 2803 3820 3122 3892; x_wconf 81' lang='grc' dir='ltr'>πληθύνεται</span> <span class='ocrx_word' id='word_1_608' title='bbox 3149 3826 3205 3877; x_wconf 81' lang='grc' dir='ltr'>ὲν</span> <span class='ocrx_word' id='word_1_609' title='bbox 3228 3825 3373 3896; x_wconf 85' lang='grc' dir='ltr'><strong><em>αὑτῷ</em></strong></span> <span class='ocrx_word' id='word_1_610' title='bbox 3399 3829 3431 3897; x_wconf 83' lang='grc' dir='ltr'><strong>ή</strong></span> <span class='ocrx_word' id='word_1_611' title='bbox 3458 3829 3643 3898; x_wconf 75' lang='grc' dir='ltr'>εἰρήνη</span> <span class='ocrx_word' id='word_1_612' title='bbox 3669 3831 3760 3883; x_wconf 90' lang='grc' dir='ltr'>τοῦ</span> <span class='ocrx_word' id='word_1_613' title='bbox 3787 3831 3939 3895; x_wconf 88' lang='grc' dir='ltr'>Θεοῦ,</span> 
     </span>
    </p>
   </div>
   <div class='ocr_carea' id='block_1_85' title="bbox 2409 3906 3942 3992">
    <p class='ocr_par' dir='ltr' id='par_1_85' title="bbox 2409 3906 3942 3992">
     <span class='ocr_line' id='line_1_85' title="bbox 2409 3906 3942 3992; baseline 0.01 -34"><span class='ocrx_word' id='word_1_614' title='bbox 2409 3906 2658 3978; x_wconf 77' lang='grc' dir='ltr'>τοσούτῳ,</span> <span class='ocrx_word' id='word_1_615' title='bbox 2693 3907 2766 3972; x_wconf 86' lang='grc' dir='ltr'><strong><em>ὡς</em></strong></span> <span class='ocrx_word' id='word_1_616' title='bbox 2801 3910 2890 3963; x_wconf 75' lang='grc' dir='ltr'><strong><em>ἐπὶ</em></strong></span> <span class='ocrx_word' id='word_1_617' title='bbox 2945 3911 3176 3984; x_wconf 80' lang='grc' dir='ltr'>ἀθλητὴν</span> <span class='ocrx_word' id='word_1_618' title='bbox 3214 3914 3431 3984; x_wconf 81' lang='grc' dir='ltr'>μείζονα</span> <span class='ocrx_word' id='word_1_619' title='bbox 3488 3917 3572 3970; x_wconf 76' lang='grc' dir='ltr'><strong><em>ἐπ’</em></strong></span> <span class='ocrx_word' id='word_1_620' title='bbox 3622 3919 3764 3990; x_wconf 86' lang='grc' dir='ltr'>αὑτῷ</span> <span class='ocrx_word' id='word_1_621' title='bbox 3810 3922 3942 3992; x_wconf 86' lang='grc' dir='ltr'>πλη-</span> 
     </span>
    </p>
   </div>
   <div class='ocr_carea' id='block_1_86' title="bbox 2411 3994 3938 4079">
    <p class='ocr_par' dir='ltr' id='par_1_86' title="bbox 2411 3994 3938 4079">
     <span class='ocr_line' id='line_1_86' title="bbox 2411 3994 3938 4079; baseline 0.007 -30"><span class='ocrx_word' id='word_1_622' title='bbox 2411 3994 2641 4062; x_wconf 84' lang='grc' dir='ltr'>θύνεται,</span> <span class='ocrx_word' id='word_1_623' title='bbox 2673 3999 2706 4070; x_wconf 77' lang='grc' dir='ltr'>ἢ</span> <span class='ocrx_word' id='word_1_624' title='bbox 2735 3999 2840 4053; x_wconf 80' lang='grc' dir='ltr'><strong><em>τῶν</em></strong></span> <span class='ocrx_word' id='word_1_625' title='bbox 2865 3999 3062 4055; x_wconf 79' lang='grc' dir='ltr'>ἀδικεῖν</span> <span class='ocrx_word' id='word_1_626' title='bbox 3085 4003 3240 4057; x_wconf 84' lang='grc' dir='ltr'>αὑτὸν</span> <span class='ocrx_word' id='word_1_627' title='bbox 3276 4004 3528 4059; x_wconf 83' lang='grc' dir='ltr'>θελόντων</span> <span class='ocrx_word' id='word_1_628' title='bbox 3565 4008 3938 4079; x_wconf 78' lang='grc' dir='ltr'>ὑπερηφάνων,</span> 
     </span>
    </p>
   </div>
   <div class='ocr_carea' id='block_1_87' title="bbox 2410 4085 3943 4167">
    <p class='ocr_par' dir='ltr' id='par_1_87' title="bbox 2410 4085 3943 4167">
     <span class='ocr_line' id='line_1_87' title="bbox 2410 4085 3943 4167; baseline 0.01 -30"><span class='ocrx_word' id='word_1_629' title='bbox 2410 4085 2518 4139; x_wconf 54' lang='lat' dir='ltr'><strong><em>elice</em></strong></span> <span class='ocrx_word' id='word_1_630' title='bbox 2570 4087 2846 4158; x_wconf 89' lang='grc' dir='ltr'>δυνάμεων</span> <span class='ocrx_word' id='word_1_631' title='bbox 2886 4090 3287 4162; x_wconf 83' lang='grc' dir='ltr'>ἀντικειμένων,</span> <span class='ocrx_word' id='word_1_632' title='bbox 3321 4097 3428 4148; x_wconf 78' lang='grc' dir='ltr'><strong><em>εἴτε</em></strong></span> <span class='ocrx_word' id='word_1_633' title='bbox 3458 4095 3769 4167; x_wconf 86' lang='grc' dir='ltr'>ἀνθρώπων.</span> <span class='ocrx_word' id='word_1_634' title='bbox 3807 4099 3943 4152; x_wconf 70' lang='lat' dir='ltr'><strong><em>Tori-</em></strong></span> 
     </span>
    </p>
   </div>
   <div class='ocr_carea' id='block_1_88' title="bbox 2409 4175 3938 4252">
    <p class='ocr_par' dir='ltr' id='par_1_88' title="bbox 2409 4175 3938 4252">
     <span class='ocr_line' id='line_1_88' title="bbox 2409 4175 3938 4252; baseline 0.009 -25"><span class='ocrx_word' id='word_1_635' title='bbox 2409 4191 2500 4227; x_wconf 82' lang='grc' dir='ltr'>του</span> <span class='ocrx_word' id='word_1_636' title='bbox 2527 4175 2582 4228; x_wconf 87' lang='grc' dir='ltr'>δὲ</span> <span class='ocrx_word' id='word_1_637' title='bbox 2613 4176 2910 4247; x_wconf 80' lang='grc' dir='ltr'>γινομένου,</span> <span class='ocrx_word' id='word_1_638' title='bbox 2943 4179 3060 4232; x_wconf 85' lang='grc' dir='ltr'><strong><em>οὐδὲ</em></strong></span> <span class='ocrx_word' id='word_1_639' title='bbox 3090 4182 3228 4234; x_wconf 86' lang='grc' dir='ltr'><strong><em>κατά</em></strong></span> <span class='ocrx_word' id='word_1_640' title='bbox 3264 4184 3325 4248; x_wconf 69' lang='grc' dir='ltr'><strong>τὸ</strong></span> <span class='ocrx_word' id='word_1_641' title='bbox 3373 4186 3518 4238; x_wconf 82' lang='grc' dir='ltr'>ποιὸν</span> <span class='ocrx_word' id='word_1_642' title='bbox 3559 4186 3822 4252; x_wconf 80' lang='grc' dir='ltr'>ἐνδίδωσιν</span> <span class='ocrx_word' id='word_1_643' title='bbox 3846 4187 3938 4241; x_wconf 84' lang='grc' dir='ltr'>τοῦ</span> 
     </span>
    </p>
   </div>
   <div class='ocr_carea' id='block_1_89' title="bbox 2413 4263 3936 4342">
    <p class='ocr_par' dir='ltr' id='par_1_89' title="bbox 2413 4263 3936 4342">
     <span class='ocr_line' id='line_1_89' title="bbox 2413 4263 3936 4342; baseline 0.011 -26"><span class='ocrx_word' id='word_1_644' title='bbox 2413 4263 2487 4335; x_wconf 76' lang='grc' dir='ltr'>μὴ</span> <span class='ocrx_word' id='word_1_645' title='bbox 2522 4267 2577 4320; x_wconf 85' lang='grc' dir='ltr'>ὲν</span> <span class='ocrx_word' id='word_1_646' title='bbox 2615 4265 2707 4338; x_wconf 83' lang='grc' dir='ltr'><strong><em>ὅλῃ</em></strong></span> <span class='ocrx_word' id='word_1_647' title='bbox 2738 4267 2929 4337; x_wconf 77' lang='grc' dir='ltr'>καρδίᾳ</span> <span class='ocrx_word' id='word_1_648' title='bbox 2975 4269 3253 4342; x_wconf 78' lang='grc' dir='ltr'>ὲξερευνᾷν</span> <span class='ocrx_word' id='word_1_649' title='bbox 3283 4272 3382 4337; x_wconf 83' lang='grc' dir='ltr'><strong><em>τὰς</em></strong></span> <span class='ocrx_word' id='word_1_650' title='bbox 3410 4273 3620 4337; x_wconf 77' lang='grc' dir='ltr'>ἐντολὰς</span> <span class='ocrx_word' id='word_1_651' title='bbox 3667 4277 3759 4330; x_wconf 85' lang='grc' dir='ltr'>τοῦ</span> <span class='ocrx_word' id='word_1_652' title='bbox 3805 4278 3936 4332; x_wconf 87' lang='grc' dir='ltr'>Θεοῦ</span> 
     </span>
    </p>
   </div>
   <div class='ocr_carea' id='block_1_90' title="bbox 2411 4354 3707 4427">
    <p class='ocr_par' dir='ltr' id='par_1_90' title="bbox 2411 4354 3707 4427">
     <span class='ocr_line' id='line_1_90' title="bbox 2411 4354 3707 4427; baseline 0.012 -20"><span class='ocrx_word' id='word_1_653' title='bbox 2411 4354 2544 4423; x_wconf 80' lang='grc' dir='ltr'>πρὸς</span> <span class='ocrx_word' id='word_1_654' title='bbox 2572 4356 2632 4407; x_wconf 81' lang='grc' dir='ltr'><strong><em>τὸ</em></strong></span> <span class='ocrx_word' id='word_1_655' title='bbox 2667 4358 2757 4408; x_wconf 78' lang='grc' dir='ltr'>καὶ</span> <span class='ocrx_word' id='word_1_656' title='bbox 2780 4358 2996 4427; x_wconf 86' lang='grc' dir='ltr'>ποιῆσαι</span> <span class='ocrx_word' id='word_1_657' title='bbox 3017 4362 3200 4423; x_wconf 86' lang='grc' dir='ltr'>αὑτάς.</span> <span class='ocrx_word' id='word_1_658' title='bbox 3269 4359 3272 4361; x_wconf 42' lang='grc'>“</span> <span class='ocrx_word' id='word_1_659' title='bbox 3701 4420 3707 4426; x_wconf 89' lang='grc'><strong><em>,</em></strong></span> 
     </span>
    </p>
   </div>
   <div class='ocr_carea' id='block_1_91' title="bbox 2491 4443 3940 4521">
    <p class='ocr_par' dir='ltr' id='par_1_91' title="bbox 2491 4443 3940 4521">
     <span class='ocr_line' id='line_1_91' title="bbox 2491 4443 3940 4521; baseline 0.008 -25"><span class='ocrx_word' id='word_1_660' title='bbox 2491 4443 2775 4512; x_wconf 83' lang='grc' dir='ltr'>Ἐτυρώθη</span> <span class='ocrx_word' id='word_1_661' title='bbox 2811 4449 2890 4511; x_wconf 87' lang='grc' dir='ltr'>ὡς</span> <span class='ocrx_word' id='word_1_662' title='bbox 2925 4448 3089 4517; x_wconf 75' lang='grc' dir='ltr'>γάλα.</span> <span class='ocrx_word' id='word_1_663' title='bbox 3116 4453 3153 4518; x_wconf 79' lang='grc' dir='ltr'>ἡ</span> <span class='ocrx_word' id='word_1_664' title='bbox 3200 4452 3404 4519; x_wconf 81' lang='grc' dir='ltr'>καρδία</span> <span class='ocrx_word' id='word_1_665' title='bbox 3461 4452 3680 4506; x_wconf 69' lang='grc' dir='ltr'><strong><em>αὐτῶν·</em></strong></span> <span class='ocrx_word' id='word_1_666' title='bbox 3717 4454 3830 4521; x_wconf 72' lang='grc' dir='ltr'><strong><em>ἐγὼ</em></strong></span> <span class='ocrx_word' id='word_1_667' title='bbox 3871 4454 3940 4508; x_wconf 76' lang='grc' dir='ltr'>δὲ</span> 
     </span>
    </p>
   </div>
   <div class='ocr_carea' id='block_1_92' title="bbox 2408 4533 3935 4609">
    <p class='ocr_par' dir='ltr' id='par_1_92' title="bbox 2408 4533 3935 4609">
     <span class='ocr_line' id='line_1_92' title="bbox 2408 4533 3935 4609; baseline 0.009 -25"><span class='ocrx_word' id='word_1_668' title='bbox 2408 4533 2513 4585; x_wconf 78' lang='grc' dir='ltr'><strong><em>τὸν</em></strong></span> <span class='ocrx_word' id='word_1_669' title='bbox 2536 4533 2717 4601; x_wconf 75' lang='grc' dir='ltr'>νόμον</span> <span class='ocrx_word' id='word_1_670' title='bbox 2751 4549 2863 4588; x_wconf 82' lang='grc' dir='ltr'><strong><em>σου</em></strong></span> <span class='ocrx_word' id='word_1_671' title='bbox 2899 4537 3238 4605; x_wconf 76' lang='grc' dir='ltr'><strong><em>ἐμελέτησα.</em></strong></span> <span class='ocrx_word' id='word_1_672' title='bbox 3278 4541 3510 4609; x_wconf 79' lang='grc' dir='ltr'>Ἆγαθόν</span> <span class='ocrx_word' id='word_1_673' title='bbox 3527 4558 3645 4608; x_wconf 86' lang='grc' dir='ltr'>μοι,</span> <span class='ocrx_word' id='word_1_674' title='bbox 3693 4541 3780 4595; x_wconf 86' lang='grc' dir='ltr'><strong><em>ὅτι</em></strong></span> <span class='ocrx_word' id='word_1_675' title='bbox 3807 4543 3935 4598; x_wconf 83' lang='grc' dir='ltr'><strong><em>ἐτα-</em></strong></span> 
     </span>
    </p>
   </div>
   <div class='ocr_carea' id='block_1_93' title="bbox 2409 4619 3932 4697">
    <p class='ocr_par' dir='ltr' id='par_1_93' title="bbox 2409 4619 3932 4697">
     <span class='ocr_line' id='line_1_93' title="bbox 2409 4619 3932 4697; baseline 0.01 -26"><span class='ocrx_word' id='word_1_676' title='bbox 2409 4619 2699 4697; x_wconf 64' lang='grc' dir='ltr'><strong><em>πεὶωσὰς</em></strong></span> <span class='ocrx_word' id='word_1_677' title='bbox 2728 4639 2823 4690; x_wconf 83' lang='grc' dir='ltr'><strong><em>με,</em></strong></span> <span class='ocrx_word' id='word_1_678' title='bbox 2863 4623 3016 4688; x_wconf 78' lang='grc' dir='ltr'>ὅπως</span> <span class='ocrx_word' id='word_1_679' title='bbox 3052 4625 3125 4678; x_wconf 71' lang='grc' dir='ltr'>ἂν</span> <span class='ocrx_word' id='word_1_680' title='bbox 3145 4626 3305 4693; x_wconf 82' lang='grc' dir='ltr'>μάθω</span> <span class='ocrx_word' id='word_1_681' title='bbox 3335 4629 3408 4680; x_wconf 83' lang='grc' dir='ltr'><strong><em>τὰ</em></strong></span> <span class='ocrx_word' id='word_1_682' title='bbox 3426 4628 3771 4697; x_wconf 79' lang='grc' dir='ltr'>δικαιώματά</span> <span class='ocrx_word' id='word_1_683' title='bbox 3801 4648 3932 4686; x_wconf 81' lang='grc' dir='ltr'><strong><em>σου.</em></strong></span> 
     </span>
    </p>
   </div>
   <div class='ocr_carea' id='block_1_94' title="bbox 2421 4695 3932 4791">
    <p class='ocr_par' dir='ltr' id='par_1_94' title="bbox 2421 4695 3932 4791">
     <span class='ocr_line' id='line_1_94' title="bbox 2421 4695 3932 4791; baseline 0.01 -33"><span class='ocrx_word' id='word_1_684' title='bbox 2421 4705 2647 4773; x_wconf 59' lang='grc' dir='ltr'>Ἀγαθός</span> <span class='ocrx_word' id='word_1_685' title='bbox 2672 4695 2770 4775; x_wconf 65' lang='grc' dir='ltr'>λιοι</span> <span class='ocrx_word' id='word_1_686' title='bbox 2799 4713 2832 4764; x_wconf 83' lang='grc' dir='ltr'><em>ό</em></span> <span class='ocrx_word' id='word_1_687' title='bbox 2865 4711 3044 4779; x_wconf 76' lang='grc' dir='ltr'>νόμος</span> <span class='ocrx_word' id='word_1_688' title='bbox 3075 4712 3176 4764; x_wconf 72' lang='grc' dir='ltr'>τοῦ</span> <span class='ocrx_word' id='word_1_689' title='bbox 3209 4714 3495 4782; x_wconf 82' lang='grc' dir='ltr'>στόματός</span> <span class='ocrx_word' id='word_1_690' title='bbox 3531 4695 3642 4772; x_wconf 59' lang='grc' dir='ltr'><strong><em>σού</em></strong></span> <span class='ocrx_word' id='word_1_691' title='bbox 3667 4719 3813 4787; x_wconf 80' lang='grc' dir='ltr'>ὑπὲρ</span> <span class='ocrx_word' id='word_1_692' title='bbox 3844 4741 3932 4791; x_wconf 86' lang='grc' dir='ltr'><strong><em>χι-</em></strong></span> 
     </span>
    </p>
   </div>
   <div class='ocr_carea' id='block_1_95' title="bbox 790 4781 2495 4884">
    <p class='ocr_par' dir='ltr' id='par_1_95' title="bbox 790 4781 2495 4864">
     <span class='ocr_line' id='line_1_95' title="bbox 790 4781 2495 4864; baseline 0.007 -28"><span class='ocrx_word' id='word_1_693' title='bbox 790 4781 922 4838; x_wconf 81' lang='lat' dir='ltr'><strong><em>Nam</em></strong></span> <span class='ocrx_word' id='word_1_694' title='bbox 969 4799 1089 4841; x_wconf 85' lang='lat' dir='ltr'><strong><em>ante</em></strong></span> <span class='ocrx_word' id='word_1_695' title='bbox 1129 4789 1434 4856; x_wconf 81' lang='lat' dir='ltr'><strong><em>superbiam</em></strong></span> <span class='ocrx_word' id='word_1_696' title='bbox 1471 4793 1706 4861; x_wconf 88' lang='lat' dir='ltr'><strong><em>quidem,</em></strong></span> <span class='ocrx_word' id='word_1_697' title='bbox 1739 4795 2033 4852; x_wconf 84' lang='lat' dir='ltr'><strong><em>incolumes</em></strong></span> <span class='ocrx_word' id='word_1_698' title='bbox 2066 4804 2118 4851; x_wconf 90' lang='lat' dir='ltr'><strong><em>et</em></strong></span> <span class='ocrx_word' id='word_1_699' title='bbox 2151 4799 2312 4864; x_wconf 78' lang='lat' dir='ltr'><strong><em>corde</em></strong></span> <span class='ocrx_word' id='word_1_700' title='bbox 2341 4797 2383 4850; x_wconf 93' lang='lat' dir='ltr'><strong><em>D</em></strong></span> <span class='ocrx_word' id='word_1_701' title='bbox 2409 4799 2495 4849; x_wconf 73' lang='grc' dir='ltr'><strong><em>λιά</em></strong></span> 
     </span>
    </p>
   </div>
   <div class='ocr_carea' id='block_1_96' title="bbox 2229 4781 3934 4884">
    <p class='ocr_par' dir='ltr' id='par_1_96' title="bbox 2229 4781 3934 4884">
     <span class='ocr_line' id='line_1_96' title="bbox 2229 4781 3934 4884; baseline 0.025 -48"><span class='ocrx_word' id='word_1_702' title='bbox 2229 4799 2312 4864; x_wconf 45' lang='grc' dir='ltr'><strong><em>πάρ</em></strong></span> <span class='ocrx_word' id='word_1_703' title='bbox 2341 4797 2383 4850; x_wconf 88' lang='lat' dir='ltr'><strong>D</strong></span> <span class='ocrx_word' id='word_1_704' title='bbox 2409 4796 2615 4862; x_wconf 77' lang='grc' dir='ltr'>λιάδας</span> <span class='ocrx_word' id='word_1_705' title='bbox 2657 4801 2904 4865; x_wconf 85' lang='grc' dir='ltr'>χρυσίου</span> <span class='ocrx_word' id='word_1_706' title='bbox 2947 4803 3039 4854; x_wconf 79' lang='grc' dir='ltr'><strong><em>καὶ</em></strong></span> <span class='ocrx_word' id='word_1_707' title='bbox 3090 4781 3381 4872; x_wconf 74' lang='grc' dir='ltr'>ἀργυρίου,</span> <span class='ocrx_word' id='word_1_708' title='bbox 3433 4809 3542 4879; x_wconf 85' lang='grc' dir='ltr'><strong><em>Πρὸ</em></strong></span> <span class='ocrx_word' id='word_1_709' title='bbox 3574 4810 3669 4879; x_wconf 85' lang='grc' dir='ltr'>μὲν</span> <span class='ocrx_word' id='word_1_710' title='bbox 3708 4781 3813 4884; x_wconf 55' lang='grc' dir='ltr'>γὰρ</span> <span class='ocrx_word' id='word_1_711' title='bbox 3840 4781 3934 4884; x_wconf 40' lang='grc' dir='ltr'><strong><em>ἐἷς</em></strong></span> 
     </span>
    </p>
   </div>
   <div class='ocr_carea' id='block_1_97' title="bbox 795 4875 2312 4968">
    <p class='ocr_par' dir='ltr' id='par_1_97' title="bbox 795 4875 2312 4968">
     <span class='ocr_line' id='line_1_97' title="bbox 795 4875 2312 4968; baseline 0.012 -44"><span class='ocrx_word' id='word_1_712' title='bbox 795 4875 1032 4943; x_wconf 79' lang='lat' dir='ltr'><strong><em>vigentes</em></strong></span> <span class='ocrx_word' id='word_1_713' title='bbox 1084 4887 1255 4942; x_wconf 88' lang='lat' dir='ltr'><strong><em>erant,</em></strong></span> <span class='ocrx_word' id='word_1_714' title='bbox 1285 4886 1463 4948; x_wconf 86' lang='lat' dir='ltr'><strong><em>atque,</em></strong></span> <span class='ocrx_word' id='word_1_715' title='bbox 1499 4890 1557 4934; x_wconf 89' lang='lat' dir='ltr'><strong><em>ut</em></strong></span> <span class='ocrx_word' id='word_1_716' title='bbox 1600 4883 1673 4935; x_wconf 88' lang='lat' dir='ltr'><strong><em>ita</em></strong></span> <span class='ocrx_word' id='word_1_717' title='bbox 1713 4883 1910 4950; x_wconf 86' lang='lat' dir='ltr'><strong><em>dicam,</em></strong></span> <span class='ocrx_word' id='word_1_718' title='bbox 1940 4885 2221 4968; x_wconf 83' lang='lat' dir='ltr'><strong><em>potabiles,</em></strong></span> <span class='ocrx_word' id='word_1_719' title='bbox 2251 4895 2312 4943; x_wconf 91' lang='lat' dir='ltr'><strong><em>ut</em></strong></span> 
     </span>
    </p>
   </div>
   <div class='ocr_carea' id='block_1_98' title="bbox 792 4965 2309 5047">
    <p class='ocr_par' dir='ltr' id='par_1_98' title="bbox 792 4965 2309 5047">
     <span class='ocr_line' id='line_1_98' title="bbox 792 4965 2309 5047; baseline 0.011 -32"><span class='ocrx_word' id='word_1_720' title='bbox 792 4965 952 5017; x_wconf 85' lang='lat' dir='ltr'><strong><em>etiam</em></strong></span> <span class='ocrx_word' id='word_1_721' title='bbox 983 4967 1106 5020; x_wconf 85' lang='lat' dir='ltr'><strong><em>lacti</em></strong></span> <span class='ocrx_word' id='word_1_722' title='bbox 1149 4969 1215 5021; x_wconf 90' lang='lat' dir='ltr'><strong><em>ad</em></strong></span> <span class='ocrx_word' id='word_1_723' title='bbox 1271 4984 1451 5024; x_wconf 86' lang='lat' dir='ltr'><strong><em>escam</em></strong></span> <span class='ocrx_word' id='word_1_724' title='bbox 1505 4973 1792 5029; x_wconf 86' lang='lat' dir='ltr'><strong><em>utilissimo</em></strong></span> <span class='ocrx_word' id='word_1_725' title='bbox 1840 4965 2309 5047; x_wconf 81' lang='lat' dir='ltr'><strong><em>compararentur;</em></strong></span> 
     </span>
    </p>
   </div>
   <div class='ocr_carea' id='block_1_99' title="bbox 793 5059 2310 5130">
    <p class='ocr_par' dir='ltr' id='par_1_99' title="bbox 793 5059 2310 5130">
     <span class='ocr_line' id='line_1_99' title="bbox 793 5059 2310 5130; baseline 0.012 -25"><span class='ocrx_word' id='word_1_726' title='bbox 793 5063 1071 5122; x_wconf 84' lang='lat' dir='ltr'><strong><em>postquam</em></strong></span> <span class='ocrx_word' id='word_1_727' title='bbox 1101 5065 1276 5112; x_wconf 79' lang='lat' dir='ltr'><strong><em>autem</em></strong></span> <span class='ocrx_word' id='word_1_728' title='bbox 1325 5059 1626 5128; x_wconf 86' lang='lat' dir='ltr'><strong><em>superbiam</em></strong></span> <span class='ocrx_word' id='word_1_729' title='bbox 1683 5063 1989 5130; x_wconf 88' lang='lat' dir='ltr'><strong><em>induerunt,</em></strong></span> <span class='ocrx_word' id='word_1_730' title='bbox 2015 5081 2198 5122; x_wconf 88' lang='lat' dir='ltr'><strong><em>omnes</em></strong></span> <span class='ocrx_word' id='word_1_731' title='bbox 2226 5067 2310 5122; x_wconf 89' lang='lat' dir='ltr'><strong><em>in-</em></strong></span> 
     </span>
    </p>
   </div>
   <div class='ocr_carea' id='block_1_100' title="bbox 793 5141 2308 5213">
    <p class='ocr_par' dir='ltr' id='par_1_100' title="bbox 793 5141 2308 5213">
     <span class='ocr_line' id='line_1_100' title="bbox 793 5141 2308 5213; baseline 0.008 -19"><span class='ocrx_word' id='word_1_732' title='bbox 793 5141 973 5194; x_wconf 85' lang='lat' dir='ltr'><strong><em>durati</em></strong></span> <span class='ocrx_word' id='word_1_733' title='bbox 1021 5144 1176 5211; x_wconf 87' lang='lat' dir='ltr'><strong><em>quasi</em></strong></span> <span class='ocrx_word' id='word_1_734' title='bbox 1209 5160 1239 5199; x_wconf 93' lang='lat' dir='ltr'><strong><em>e</em></strong></span> <span class='ocrx_word' id='word_1_735' title='bbox 1275 5146 1411 5200; x_wconf 85' lang='lat' dir='ltr'><strong><em>lacte</em></strong></span> <span class='ocrx_word' id='word_1_736' title='bbox 1459 5145 1514 5199; x_wconf 90' lang='lat' dir='ltr'><strong><em>in</em></strong></span> <span class='ocrx_word' id='word_1_737' title='bbox 1541 5161 1756 5213; x_wconf 84' lang='lat' dir='ltr'><strong><em>caseum</em></strong></span> <span class='ocrx_word' id='word_1_738' title='bbox 1806 5151 2116 5205; x_wconf 88' lang='lat' dir='ltr'><strong><em>commutati</em></strong></span> <span class='ocrx_word' id='word_1_739' title='bbox 2164 5160 2308 5207; x_wconf 93' lang='lat' dir='ltr'><strong><em>sunt.</em></strong></span> 
     </span>
    </p>
   </div>
   <div class='ocr_carea' id='block_1_101' title="bbox 795 5227 2312 5307">
    <p class='ocr_par' dir='ltr' id='par_1_101' title="bbox 795 5227 2312 5307">
     <span class='ocr_line' id='line_1_101' title="bbox 795 5227 2312 5307; baseline 0.009 -26"><span class='ocrx_word' id='word_1_740' title='bbox 795 5227 901 5283; x_wconf 86' lang='lat' dir='ltr'><strong><em>Pro</em></strong></span> <span class='ocrx_word' id='word_1_741' title='bbox 946 5231 1040 5284; x_wconf 91' lang='lat' dir='ltr'><strong><em>illo</em></strong></span> <span class='ocrx_word' id='word_1_742' title='bbox 1070 5241 1267 5297; x_wconf 85' lang='lat' dir='ltr'><strong><em>autem,</em></strong></span> <span class='ocrx_word' id='word_1_743' title='bbox 1297 5236 1626 5304; x_wconf 82' lang='lat' dir='ltr'><strong><em>coagulatum</em></strong></span> <span class='ocrx_word' id='word_1_744' title='bbox 1643 5243 1757 5300; x_wconf 75' lang='lat' dir='ltr'><strong><em>est,’</em></strong></span> <span class='ocrx_word' id='word_1_745' title='bbox 1775 5239 1964 5307; x_wconf 75' lang='lat' dir='ltr'><strong><em>Aquila</em></strong></span> <span class='ocrx_word' id='word_1_746' title='bbox 1993 5240 2123 5294; x_wconf 89' lang='lat' dir='ltr'><strong><em>dicit</em></strong></span> <span class='ocrx_word' id='word_1_747' title='bbox 2153 5255 2168 5292; x_wconf 88' lang='lat'><strong>:</strong></span> <span class='ocrx_word' id='word_1_748' title='bbox 2201 5239 2312 5294; x_wconf 82' lang='lat' dir='ltr'><strong><em>Im—</em></strong></span> 
     </span>
    </p>
   </div>
   <div class='ocr_carea' id='block_1_102' title="bbox 796 5317 2310 5399">
    <p class='ocr_par' dir='ltr' id='par_1_102' title="bbox 796 5317 2310 5399">
     <span class='ocr_line' id='line_1_102' title="bbox 796 5317 2310 5399; baseline 0.009 -29"><span class='ocrx_word' id='word_1_749' title='bbox 796 5317 1097 5386; x_wconf 82' lang='lat' dir='ltr'><strong><em>pinguatum</em></strong></span> <span class='ocrx_word' id='word_1_750' title='bbox 1123 5332 1199 5373; x_wconf 75' lang='lat' dir='ltr'><strong><em>est</em></strong></span> <span class='ocrx_word' id='word_1_751' title='bbox 1228 5324 1379 5389; x_wconf 73' lang='lat' dir='ltr'><strong><em>quasi</em></strong></span> <span class='ocrx_word' id='word_1_752' title='bbox 1417 5320 1573 5393; x_wconf 78' lang='lat' dir='ltr'><strong><em>adeps</em></strong></span> <span class='ocrx_word' id='word_1_753' title='bbox 1619 5341 1708 5380; x_wconf 88' lang='lat' dir='ltr'><strong><em>cor</em></strong></span> <span class='ocrx_word' id='word_1_754' title='bbox 1722 5342 1929 5389; x_wconf 85' lang='lat' dir='ltr'><strong><em>eorum;</em></strong></span> <span class='ocrx_word' id='word_1_755' title='bbox 1960 5327 2310 5399; x_wconf 84' lang='lat' dir='ltr'><strong><em>Symmachus</em></strong></span> 
     </span>
    </p>
   </div>
   <div class='ocr_carea' id='block_1_103' title="bbox 799 5407 2311 5485">
    <p class='ocr_par' dir='ltr' id='par_1_103' title="bbox 799 5407 2311 5485">
     <span class='ocr_line' id='line_1_103' title="bbox 799 5407 2311 5485; baseline 0.009 -26"><span class='ocrx_word' id='word_1_756' title='bbox 799 5415 976 5461; x_wconf 86' lang='lat' dir='ltr'><strong><em>autem</em></strong></span> <span class='ocrx_word' id='word_1_757' title='bbox 1013 5424 1028 5460; x_wconf 93' lang='lat'><strong>:</strong></span> <span class='ocrx_word' id='word_1_758' title='bbox 1058 5407 1401 5464; x_wconf 77' lang='lat' dir='ltr'><strong><em>Hedullatum</em></strong></span> <span class='ocrx_word' id='word_1_759' title='bbox 1419 5424 1496 5467; x_wconf 75' lang='lat' dir='ltr'><strong><em>est</em></strong></span> <span class='ocrx_word' id='word_1_760' title='bbox 1516 5414 1651 5467; x_wconf 74' lang='lat' dir='ltr'><strong><em>sicut</em></strong></span> <span class='ocrx_word' id='word_1_761' title='bbox 1679 5414 1832 5485; x_wconf 79' lang='lat' dir='ltr'><strong><em>adeps</em></strong></span> <span class='ocrx_word' id='word_1_762' title='bbox 1852 5432 1941 5470; x_wconf 89' lang='lat' dir='ltr'><strong><em>cor</em></strong></span> <span class='ocrx_word' id='word_1_763' title='bbox 1968 5434 2162 5472; x_wconf 88' lang='lat' dir='ltr'><strong><em>eorum.</em></strong></span> <span class='ocrx_word' id='word_1_764' title='bbox 2197 5418 2311 5473; x_wconf 69' lang='lat' dir='ltr'><strong><em>Ca:-</em></strong></span> 
     </span>
    </p>
   </div>
   <div class='ocr_carea' id='block_1_104' title="bbox 800 5491 2314 5578">
    <p class='ocr_par' dir='ltr' id='par_1_104' title="bbox 800 5491 2314 5578">
     <span class='ocr_line' id='line_1_104' title="bbox 800 5491 2314 5578; baseline 0.009 -28"><span class='ocrx_word' id='word_1_765' title='bbox 800 5504 974 5552; x_wconf 85' lang='lat' dir='ltr'><strong><em>terum</em></strong></span> <span class='ocrx_word' id='word_1_766' title='bbox 1000 5499 1125 5556; x_wconf 87' lang='lat' dir='ltr'><strong><em>licet</em></strong></span> <span class='ocrx_word' id='word_1_767' title='bbox 1163 5500 1236 5554; x_wconf 92' lang='lat' dir='ltr'><strong><em>illi</em></strong></span> <span class='ocrx_word' id='word_1_768' title='bbox 1268 5501 1324 5554; x_wconf 90' lang='lat' dir='ltr'><strong><em>in</em></strong></span> <span class='ocrx_word' id='word_1_769' title='bbox 1354 5502 1437 5558; x_wconf 86' lang='lat' dir='ltr'><strong><em>his</em></strong></span> <span class='ocrx_word' id='word_1_770' title='bbox 1462 5491 1824 5570; x_wconf 83' lang='lat' dir='ltr'><strong><em>versarentur,</em></strong></span> <span class='ocrx_word' id='word_1_771' title='bbox 1859 5522 1955 5578; x_wconf 75' lang='lat' dir='ltr'><strong><em>ego</em></strong></span> <span class='ocrx_word' id='word_1_772' title='bbox 1982 5524 2012 5561; x_wconf 88' lang='lat' dir='ltr'><strong><em>a</em></strong></span> <span class='ocrx_word' id='word_1_773' title='bbox 2041 5509 2314 5578; x_wconf 88' lang='lat' dir='ltr'><strong><em>proposito</em></strong></span> 
     </span>
    </p>
   </div>
   <div class='ocr_carea' id='block_1_105' title="bbox 800 5581 2350 5671">
    <p class='ocr_par' dir='ltr' id='par_1_105' title="bbox 800 5581 2350 5671">
     <span class='ocr_line' id='line_1_105' title="bbox 800 5581 2350 5671; baseline 0.012 -33"><span class='ocrx_word' id='word_1_774' title='bbox 800 5585 1017 5642; x_wconf 88' lang='lat' dir='ltr'><strong><em>minime</em></strong></span> <span class='ocrx_word' id='word_1_775' title='bbox 1037 5590 1266 5657; x_wconf 82' lang='lat' dir='ltr'><strong><em>recessi;</em></strong></span> <span class='ocrx_word' id='word_1_776' title='bbox 1302 5593 1392 5650; x_wconf 86' lang='lat' dir='ltr'><strong><em>sed</em></strong></span> <span class='ocrx_word' id='word_1_777' title='bbox 1425 5601 1538 5671; x_wconf 75' lang='lat' dir='ltr'><strong><em>toto</em></strong></span> <span class='ocrx_word' id='word_1_778' title='bbox 1560 5581 2030 5671; x_wconf 14' lang='lat' dir='ltr'><strong><em>cordekscrutabar</em></strong></span> <span class='ocrx_word' id='word_1_779' title='bbox 2061 5601 2306 5656; x_wconf 84' lang='lat' dir='ltr'><strong><em>mandata</em></strong></span> <span class='ocrx_word' id='word_1_780' title='bbox 2346 5654 2350 5657; x_wconf 85' lang='lat'><strong><em>.</em></strong></span> 
     </span>
    </p>
   </div>
   <div class='ocr_carea' id='block_1_106' title="bbox 800 5675 2311 5754">
    <p class='ocr_par' dir='ltr' id='par_1_106' title="bbox 800 5675 2311 5754">
     <span class='ocr_line' id='line_1_106' title="bbox 800 5675 2311 5754; baseline 0.015 -30"><span class='ocrx_word' id='word_1_781' title='bbox 800 5680 890 5731; x_wconf 86' lang='lat' dir='ltr'><strong><em>tua</em></strong></span> <span class='ocrx_word' id='word_1_782' title='bbox 925 5691 938 5726; x_wconf 88' lang='lat'><strong>:</strong></span> <span class='ocrx_word' id='word_1_783' title='bbox 971 5675 1038 5728; x_wconf 89' lang='lat' dir='ltr'><strong><em>ab</em></strong></span> <span class='ocrx_word' id='word_1_784' title='bbox 1080 5680 1386 5735; x_wconf 76' lang='lat' dir='ltr'><strong><em>earumdem</em></strong></span> <span class='ocrx_word' id='word_1_785' title='bbox 1452 5685 1781 5742; x_wconf 86' lang='lat' dir='ltr'><strong><em>scrutatione</em></strong></span> <span class='ocrx_word' id='word_1_786' title='bbox 1819 5677 2165 5754; x_wconf 70' lang='lat' dir='ltr'><strong><em>providentia:</em></strong></span> <span class='ocrx_word' id='word_1_787' title='bbox 2204 5699 2311 5746; x_wconf 64' lang='lat' dir='ltr'><strong><em>tum</em></strong></span> 
     </span>
    </p>
   </div>
   <div class='ocr_carea' id='block_1_107' title="bbox 803 5766 2306 5849">
    <p class='ocr_par' dir='ltr' id='par_1_107' title="bbox 803 5766 2306 5849">
     <span class='ocr_line' id='line_1_107' title="bbox 803 5766 2306 5849; baseline 0.015 -35"><span class='ocrx_word' id='word_1_788' title='bbox 803 5777 863 5816; x_wconf 86' lang='lat' dir='ltr'><strong><em>ac</em></strong></span> <span class='ocrx_word' id='word_1_789' title='bbox 890 5766 1255 5825; x_wconf 85' lang='lat' dir='ltr'><strong><em>universorum</em></strong></span> <span class='ocrx_word' id='word_1_790' title='bbox 1285 5773 1760 5833; x_wconf 80' lang='lat' dir='ltr'><strong><em>administrationis</em></strong></span> <span class='ocrx_word' id='word_1_791' title='bbox 1784 5777 2024 5833; x_wconf 83' lang='lat' dir='ltr'><strong><em>notitiam</em></strong></span> <span class='ocrx_word' id='word_1_792' title='bbox 2069 5790 2306 5849; x_wconf 84' lang='lat' dir='ltr'><strong><em>captans.</em></strong></span> 
     </span>
    </p>
   </div>
   <div class='ocr_carea' id='block_1_108' title="bbox 2414 4885 3934 4974">
    <p class='ocr_par' dir='ltr' id='par_1_108' title="bbox 2414 4885 3934 4974">
     <span class='ocr_line' id='line_1_108' title="bbox 2414 4885 3934 4974; baseline 0.014 -39"><span class='ocrx_word' id='word_1_793' title='bbox 2414 4885 2777 4956; x_wconf 82' lang='grc' dir='ltr'>ὑπερηφανίας</span> <span class='ocrx_word' id='word_1_794' title='bbox 2803 4889 3007 4943; x_wconf 85' lang='grc' dir='ltr'>εὑεκτοί</span> <span class='ocrx_word' id='word_1_795' title='bbox 3031 4907 3167 4955; x_wconf 87' lang='grc' dir='ltr'>τινες</span> <span class='ocrx_word' id='word_1_796' title='bbox 3193 4894 3282 4946; x_wconf 77' lang='grc' dir='ltr'>καὶ</span> <span class='ocrx_word' id='word_1_797' title='bbox 3304 4896 3495 4950; x_wconf 79' lang='grc' dir='ltr'>ἁπαλοὶ</span> <span class='ocrx_word' id='word_1_798' title='bbox 3521 4894 3656 4968; x_wconf 83' lang='grc' dir='ltr'>ἦσαν</span> <span class='ocrx_word' id='word_1_799' title='bbox 3677 4902 3774 4971; x_wconf 81' lang='grc' dir='ltr'>τὴν</span> <span class='ocrx_word' id='word_1_800' title='bbox 3803 4921 3934 4974; x_wconf 88' lang='grc' dir='ltr'>καρ-</span> 
     </span>
    </p>
   </div>
   <div class='ocr_carea' id='block_1_109' title="bbox 2369 4973 3932 5060">
    <p class='ocr_par' dir='ltr' id='par_1_109' title="bbox 2369 4973 3932 5060">
     <span class='ocr_line' id='line_1_109' title="bbox 2369 4973 3932 5060; baseline 0.013 -36"><span class='ocrx_word' id='word_1_801' title='bbox 2369 4984 2372 4987; x_wconf 84' lang='grc'>·</span> <span class='ocrx_word' id='word_1_802' title='bbox 2412 4973 2546 5039; x_wconf 90' lang='grc' dir='ltr'>δίαν,</span> <span class='ocrx_word' id='word_1_803' title='bbox 2592 4976 2684 5028; x_wconf 64' lang='grc' dir='ltr'><strong><em>καὶ⁵</em></strong></span> <span class='ocrx_word' id='word_1_804' title='bbox 2739 4978 2952 5048; x_wconf 82' lang='grc' dir='ltr'>πότιμοι</span> <span class='ocrx_word' id='word_1_805' title='bbox 3002 4980 3074 5043; x_wconf 87' lang='grc' dir='ltr'>ὡς</span> <span class='ocrx_word' id='word_1_806' title='bbox 3126 4983 3202 5052; x_wconf 78' lang='grc' dir='ltr'><strong><em>τῷ</em></strong></span> <span class='ocrx_word' id='word_1_807' title='bbox 3253 4985 3478 5052; x_wconf 86' lang='grc' dir='ltr'>γάλακτι</span> <span class='ocrx_word' id='word_1_808' title='bbox 3533 4988 3697 5058; x_wconf 75' lang='grc' dir='ltr'>αὑτῂν</span> <span class='ocrx_word' id='word_1_809' title='bbox 3757 4973 3932 5060; x_wconf 85' lang='grc' dir='ltr'>παρα-</span> 
     </span>
    </p>
   </div>
   <div class='ocr_carea' id='block_1_110' title="bbox 2411 5062 3931 5148">
    <p class='ocr_par' dir='ltr' id='par_1_110' title="bbox 2411 5062 3931 5148">
     <span class='ocr_line' id='line_1_110' title="bbox 2411 5062 3931 5148; baseline 0.014 -35"><span class='ocrx_word' id='word_1_810' title='bbox 2411 5062 2689 5117; x_wconf 81' lang='grc' dir='ltr'>δάλλεσθαι</span> <span class='ocrx_word' id='word_1_811' title='bbox 2720 5071 3126 5141; x_wconf 76' lang='grc' dir='ltr'>τροφιμωτάτῳο</span> <span class='ocrx_word' id='word_1_812' title='bbox 3168 5075 3325 5142; x_wconf 76' lang='grc' dir='ltr'>ἡνίκα</span> <span class='ocrx_word' id='word_1_813' title='bbox 3361 5075 3416 5126; x_wconf 84' lang='grc' dir='ltr'>δὲ</span> <span class='ocrx_word' id='word_1_814' title='bbox 3447 5075 3542 5145; x_wconf 79' lang='grc' dir='ltr'><strong><em>τὴν</em></strong></span> <span class='ocrx_word' id='word_1_815' title='bbox 3569 5077 3931 5148; x_wconf 82' lang='grc' dir='ltr'>ὑπερηφανίαν</span> 
     </span>
    </p>
   </div>
   <div class='ocr_carea' id='block_1_111' title="bbox 2414 5153 4023 5232">
    <p class='ocr_par' dir='ltr' id='par_1_111' title="bbox 2414 5153 4023 5232">
     <span class='ocr_line' id='line_1_111' title="bbox 2414 5153 4023 5232; baseline 0.014 -29"><span class='ocrx_word' id='word_1_816' title='bbox 2414 5153 2716 5208; x_wconf 85' lang='grc' dir='ltr'>ὲνεδύσαντο</span> <span class='ocrx_word' id='word_1_817' title='bbox 2765 5159 2978 5224; x_wconf 83' lang='grc' dir='ltr'>πάντες,</span> <span class='ocrx_word' id='word_1_818' title='bbox 3019 5162 3110 5214; x_wconf 82' lang='grc' dir='ltr'>καὶ</span> <span class='ocrx_word' id='word_1_819' title='bbox 3157 5163 3586 5232; x_wconf 65' lang='grc' dir='ltr'>πληρυνθέντες,</span> <span class='ocrx_word' id='word_1_820' title='bbox 3623 5168 3779 5220; x_wconf 81' lang='grc' dir='ltr'>οἱονεὶ</span> <span class='ocrx_word' id='word_1_821' title='bbox 3821 5170 3931 5224; x_wconf 80' lang='grc' dir='ltr'>ἀπὸ</span> <span class='ocrx_word' id='word_1_822' title='bbox 4010 5173 4023 5182; x_wconf 88' lang='grc'><strong>’</strong></span> 
     </span>
    </p>
   </div>
   <div class='ocr_carea' id='block_1_112' title="bbox 2413 5241 3926 5321">
    <p class='ocr_par' dir='ltr' id='par_1_112' title="bbox 2413 5241 3926 5321">
     <span class='ocr_line' id='line_1_112' title="bbox 2413 5241 3926 5321; baseline 0.013 -29"><span class='ocrx_word' id='word_1_823' title='bbox 2413 5241 2670 5306; x_wconf 81' lang='grc' dir='ltr'>γάλακτος</span> <span class='ocrx_word' id='word_1_824' title='bbox 2699 5245 2779 5308; x_wconf 87' lang='grc' dir='ltr'><strong><em>είς</em></strong></span> <span class='ocrx_word' id='word_1_825' title='bbox 2819 5247 2975 5318; x_wconf 82' lang='grc' dir='ltr'>τυρὸν</span> <span class='ocrx_word' id='word_1_826' title='bbox 3009 5248 3478 5320; x_wconf 59' lang='grc' dir='ltr'>μεταβεϐλήκασιν.</span> <span class='ocrx_word' id='word_1_827' title='bbox 3526 5255 3665 5306; x_wconf 75' lang='grc' dir='ltr'>’Δντὶ</span> <span class='ocrx_word' id='word_1_828' title='bbox 3712 5256 3767 5308; x_wconf 85' lang='grc' dir='ltr'>δὲ</span> <span class='ocrx_word' id='word_1_829' title='bbox 3811 5257 3926 5321; x_wconf 89' lang='grc' dir='ltr'>τοῦ,</span> 
     </span>
    </p>
   </div>
   <div class='ocr_carea' id='block_1_113' title="bbox 2411 5329 3929 5413">
    <p class='ocr_par' dir='ltr' id='par_1_113' title="bbox 2411 5329 3929 5413">
     <span class='ocr_line' id='line_1_113' title="bbox 2411 5329 3929 5413; baseline 0.011 -28"><span class='ocrx_word' id='word_1_830' title='bbox 2411 5329 2691 5400; x_wconf 81' lang='grc' dir='ltr'>ὲτυρώθη,</span> <span class='ocrx_word' id='word_1_831' title='bbox 2736 5338 2765 5388; x_wconf 82' lang='grc' dir='ltr'><strong><em>δ</em></strong></span> <span class='ocrx_word' id='word_1_832' title='bbox 2815 5336 2913 5407; x_wconf 82' lang='grc' dir='ltr'>μὲν</span> <span class='ocrx_word' id='word_1_833' title='bbox 2966 5337 3185 5400; x_wconf 83' lang='grc' dir='ltr'>’Δκὺλας</span> <span class='ocrx_word' id='word_1_834' title='bbox 3246 5341 3436 5409; x_wconf 76' lang='grc' dir='ltr'>φησίνο</span> <span class='ocrx_word' id='word_1_835' title='bbox 3482 5342 3788 5413; x_wconf 79' lang='grc' dir='ltr'>Ἐλιπάνθη</span> <span class='ocrx_word' id='word_1_836' title='bbox 3849 5349 3929 5413; x_wconf 89' lang='grc' dir='ltr'>ὠς</span> 
     </span>
    </p>
   </div>
   <div class='ocr_carea' id='block_1_114' title="bbox 2393 5421 3929 5504">
    <p class='ocr_par' dir='ltr' id='par_1_114' title="bbox 2393 5421 3929 5504">
     <span class='ocr_line' id='line_1_114' title="bbox 2393 5421 3929 5504; baseline 0.014 -34"><span class='ocrx_word' id='word_1_837' title='bbox 2393 5421 2584 5490; x_wconf 19' lang='grc' dir='ltr'>,στέαρ</span> <span class='ocrx_word' id='word_1_838' title='bbox 2599 5425 2636 5491; x_wconf 78' lang='grc' dir='ltr'><strong><em>ἠ</em></strong></span> <span class='ocrx_word' id='word_1_839' title='bbox 2653 5426 2858 5496; x_wconf 78' lang='grc' dir='ltr'>καρδία</span> <span class='ocrx_word' id='word_1_840' title='bbox 2883 5426 3076 5481; x_wconf 80' lang='grc' dir='ltr'><strong><em>αὐτῶν</em></strong></span> <span class='ocrx_word' id='word_1_841' title='bbox 3091 5444 3106 5457; x_wconf 90' lang='grc'><strong>·</strong></span> <span class='ocrx_word' id='word_1_842' title='bbox 3131 5429 3226 5482; x_wconf 60' lang='lat' dir='ltr'><strong><em>ea</em></strong></span> <span class='ocrx_word' id='word_1_843' title='bbox 3254 5431 3567 5501; x_wconf 83' lang='grc' dir='ltr'>Σύμμαχος·</span> <span class='ocrx_word' id='word_1_844' title='bbox 3602 5435 3929 5504; x_wconf 75' lang='grc' dir='ltr'>Ἐμυαλώθη</span> 
     </span>
    </p>
   </div>
   <div class='ocr_carea' id='block_1_115' title="bbox 2413 5511 3927 5593">
    <p class='ocr_par' dir='ltr' id='par_1_115' title="bbox 2413 5511 3927 5593">
     <span class='ocr_line' id='line_1_115' title="bbox 2413 5511 3927 5593; baseline 0.011 -28"><span class='ocrx_word' id='word_1_845' title='bbox 2413 5511 2490 5577; x_wconf 85' lang='grc' dir='ltr'>ὡς</span> <span class='ocrx_word' id='word_1_846' title='bbox 2523 5514 2700 5584; x_wconf 82' lang='grc' dir='ltr'>στέαρ</span> <span class='ocrx_word' id='word_1_847' title='bbox 2733 5519 2772 5585; x_wconf 77' lang='grc' dir='ltr'><strong><em>ἡ</em></strong></span> <span class='ocrx_word' id='word_1_848' title='bbox 2799 5518 3004 5586; x_wconf 75' lang='grc' dir='ltr'>καρδία</span> <span class='ocrx_word' id='word_1_849' title='bbox 3043 5521 3250 5574; x_wconf 76' lang='grc' dir='ltr'><em>αὐτῶν.</em></span> <span class='ocrx_word' id='word_1_850' title='bbox 3283 5523 3425 5593; x_wconf 84' lang='grc' dir='ltr'>Πλὴν</span> <span class='ocrx_word' id='word_1_851' title='bbox 3456 5524 3568 5576; x_wconf 76' lang='grc' dir='ltr'>ἀλλ’</span> <span class='ocrx_word' id='word_1_852' title='bbox 3598 5527 3648 5579; x_wconf 75' lang='grc' dir='ltr'>εί</span> <span class='ocrx_word' id='word_1_853' title='bbox 3692 5530 3927 5582; x_wconf 80' lang='grc' dir='ltr'>κάκεῖνοι</span> 
     </span>
    </p>
   </div>
   <div class='ocr_carea' id='block_1_116' title="bbox 2413 5602 3926 5686">
    <p class='ocr_par' dir='ltr' id='par_1_116' title="bbox 2413 5602 3926 5686">
     <span class='ocr_line' id='line_1_116' title="bbox 2413 5602 3926 5686; baseline 0.009 -32"><span class='ocrx_word' id='word_1_854' title='bbox 2413 5602 2470 5653; x_wconf 82' lang='grc' dir='ltr'>ὲν</span> <span class='ocrx_word' id='word_1_855' title='bbox 2505 5604 2704 5670; x_wconf 78' lang='grc' dir='ltr'>τούτοις</span> <span class='ocrx_word' id='word_1_856' title='bbox 2750 5604 2907 5678; x_wconf 79' lang='grc' dir='ltr'>ἦσαν,</span> <span class='ocrx_word' id='word_1_857' title='bbox 2931 5656 2933 5660; x_wconf 94' lang='grc'>.</span> <span class='ocrx_word' id='word_1_858' title='bbox 2959 5608 3067 5676; x_wconf 68' lang='grc' dir='ltr'><strong><em>ἐγὼ</em></strong></span> <span class='ocrx_word' id='word_1_859' title='bbox 3118 5612 3221 5664; x_wconf 83' lang='grc' dir='ltr'>τῶν</span> <span class='ocrx_word' id='word_1_860' title='bbox 3258 5615 3374 5682; x_wconf 73' lang='grc' dir='ltr'>ἐμοὶ</span> <span class='ocrx_word' id='word_1_861' title='bbox 3423 5617 3797 5686; x_wconf 59' lang='grc' dir='ltr'><strong><em>πριυιειιιιένιιιν⁴</em></strong></span> <span class='ocrx_word' id='word_1_862' title='bbox 3829 5618 3926 5669; x_wconf 91' lang='grc' dir='ltr'><strong><em>οὑκ</em></strong></span> 
     </span>
    </p>
   </div>
   <div class='ocr_carea' id='block_1_117' title="bbox 2411 5693 3924 5773">
    <p class='ocr_par' dir='ltr' id='par_1_117' title="bbox 2411 5693 3924 5773">
     <span class='ocr_line' id='line_1_117' title="bbox 2411 5693 3924 5773; baseline 0.008 -29"><span class='ocrx_word' id='word_1_863' title='bbox 2411 5695 2722 5765; x_wconf 78' lang='grc' dir='ltr'>ἀνεχώρουν,</span> <span class='ocrx_word' id='word_1_864' title='bbox 2748 5701 2803 5751; x_wconf 77' lang='grc' dir='ltr'>ὲν</span> <span class='ocrx_word' id='word_1_865' title='bbox 2822 5699 2916 5771; x_wconf 83' lang='grc' dir='ltr'><strong><em>ὅλῃ</em></strong></span> <span class='ocrx_word' id='word_1_866' title='bbox 2940 5699 3431 5773; x_wconf 78' lang='grc' dir='ltr'>καρδίᾳ’ὲξερευνῶν</span> <span class='ocrx_word' id='word_1_867' title='bbox 3449 5706 3544 5769; x_wconf 79' lang='grc' dir='ltr'>τὰς</span> <span class='ocrx_word' id='word_1_868' title='bbox 3570 5693 3780 5769; x_wconf 65' lang='grc' dir='ltr'>ἐντολάς</span> <span class='ocrx_word' id='word_1_869' title='bbox 3811 5722 3924 5768; x_wconf 85' lang='grc' dir='ltr'>σου,</span> 
     </span>
    </p>
   </div>
   <div class='ocr_carea' id='block_1_118' title="bbox 2412 5782 3928 5870">
    <p class='ocr_par' dir='ltr' id='par_1_118' title="bbox 2412 5782 3928 5870">
     <span class='ocr_line' id='line_1_118' title="bbox 2412 5782 3928 5870; baseline 0.007 -37"><span class='ocrx_word' id='word_1_870' title='bbox 2412 5782 2516 5834; x_wconf 79' lang='grc' dir='ltr'>ἀπὸ</span> <span class='ocrx_word' id='word_1_871' title='bbox 2557 5782 2651 5852; x_wconf 79' lang='grc' dir='ltr'>τῆς</span> <span class='ocrx_word' id='word_1_872' title='bbox 2685 5785 2879 5840; x_wconf 87' lang='grc' dir='ltr'>τούτων</span> <span class='ocrx_word' id='word_1_873' title='bbox 2923 5786 3143 5857; x_wconf 80' lang='grc' dir='ltr'>ἐρεύνης</span> <span class='ocrx_word' id='word_1_874' title='bbox 3167 5788 3260 5858; x_wconf 72' lang='grc' dir='ltr'><strong><em>τὴν</em></strong></span> <span class='ocrx_word' id='word_1_875' title='bbox 3299 5787 3490 5870; x_wconf 81' lang='grc' dir='ltr'>γνῶσιν</span> <span class='ocrx_word' id='word_1_876' title='bbox 3529 5792 3626 5854; x_wconf 82' lang='grc' dir='ltr'><strong><em>τῆς</em></strong></span> <span class='ocrx_word' id='word_1_877' title='bbox 3657 5793 3760 5860; x_wconf 65' lang='grc' dir='ltr'>σῆς</span> <span class='ocrx_word' id='word_1_878' title='bbox 3792 5805 3928 5859; x_wconf 82' lang='grc' dir='ltr'>προ-</span> 
     </span>
    </p>
   </div>
  </div>
