4318 6392
343 481 479 537 13τῖ

1487 482 1980 540 ΕΟΗΜΕΝΤΔΒΙΑ
2017 482 2079 538 ΙΝ
2119 483 2451 540 PSALMOS.

3361 494 3503 552 I378

336 599 483 660 νοίας
516 598 607 650 καὶ
647 597 739 666 τῆς
787 595 1009 650 καθόλου
1057 595 1364 666 διοικήσεως
1417 595 1743 666 θηρώμενος,
1790 596 1880 648 καὶ
1908 605 1954 658 Α
1983 595 2041 647 AI

1800 596 1880 647 eat
1908 605 1954 658 Α
1983 595 2152 664 Atque
2185 598 2398 650 illorum
2431 595 2644 666 quidem
2686 612 2780 651 cor
2819 599 3065 668 praesenti
3115 601 3236 656 cibo
3281 617 3378 658 suo
3407 607 3505 660 im-

333 687 441 743 τῶν
472 688 567 756 μὲν
597 689 630 758 ὴ
665 688 853 756 καρδία
893 683 1192 739 ὲλιπαίνετο
1235 689 1290 739 ὲν
1321 689 1388 757 τῇ
1416 686 1664 756 παρούσῃ
1698 687 1876 748 αὐτοῖς

333 778 502 846 τροφῇ
521 792 535 806 ·
569 775 676 844 ἐγὼ
693 775 750 829 δὲ
771 776 860 828 τὸν
887 776 1044 846 νόμον
1067 793 1156 829 σου
1193 775 1509 846 ὲμελέτησα.

393 868 460 918 Al
497 865 689 933 χεῖρές
734 879 848 919 σου
895 867 1185 933 ἐποίησάν
1211 883 1288 935 με
1333 866 1430 919 καί
1461 867 1732 920 ἔπλασαν
1762 885 1868 935 με·

331 958 654 1009 συνέτ.σόν
686 973 762 1025 με
806 957 902 1010 καὶ
932 957 1267 1026 μαθήσομαι
1315 957 1419 1022 τὰς
1460 958 1707 1023 ἐντολάς
1738 974 1869 1012 σου.

330 1046 564 1117 Οὐρανὸν
598 1047 694 1115 μὲν
729 1046 834 1115 γὰρ
881 1048 974 1100 καὶ
1025 1048 1126 1116 γῆν
1170 1049 1259 1100 καὶ
1298 1050 1468 1101 πάντα
1512 1048 1579 1100 τὰ
1610 1052 1664 1101 ὲν
1697 1051 1873 1111 αὐτοῖς

327 1136 466 1207 λόγῳ
493 1138 892 1207 δημιουργήσας
943 1139 1048 1210 καὶ.
1070 1140 1460 1208 προστάγματι,
1489 1141 1572 1191 ὅτε
1598 1137 1754 1210 ἦλθεν
1783 1142 1872 1194 ἐπὶ

324 1229 414 1283 τὸν
446 1228 724 1296 ἄνθρωπον
749 1223 898 1280 εἷπεν
914 1245 927 1258 ο
955 1228 1300 1298 Ποιήσωμεν
1324 1230 1628 1296 ἄνθρωπον
1653 1233 1774 1283 κατ’
1796 1235 1870 1284 ει-

323 1317 472 1368 κόνα
504 1316 774 1370 ίδίανκαὶ
811 1317 935 1370 καθ’
973 1319 1268 1386 ὁμοίωσιν.
1302 1319 1415 1371 Τίνι
1450 1319 1502 1370 δὲ
1537 1319 1676 1387 ἄλλῳ
1705 1321 1867 1386 λέγει,

323 1405 668 1472 Ποιήσωμεν
713 1408 1038 1475 ἀνθρωπον,
1071 1409 1103 1479 ἡ
1157 1409 1232 1478 τῷ
1262 1411 1547 1477 Μονογενεί
1593 1410 1748 1462 αὑτοῦ
1779 1411 1870 1462 καί

320 1496 398 1565 τῷ
428 1497 700 1568 Πνεύματι
749 1500 902 1569 ἁγίῳ,
950 1499 1042 1562 οὒς
1087 1499 1178 1551 καὶ
1226 1503 1408 1570 χεῖρας
1449 1499 1542 1552 νῦν
1575 1500 1864 1563 ἀποκαλεῖ,

323 1587 434 1638 Καὶ
461 1588 516 1638 ὲν
549 1589 624 1658 τῷ
659 1587 774 1639 Ἰὼϐ
800 1588 854 1640 δὲ
876 1589 1206 1657 γέγραπται·
1235 1592 1302 1642 Al
1334 1589 1522 1657 χεῖρές
1543 1605 1654 1641 σου
1673 1589 1869 1655 ἐποίη-

319 1673 440 1727 σάν
461 1691 556 1742 με,
589 1675 683 1728 καί
720 1673 993 1728 ἔπλασαν
1012 1691 1088 1743 με
1109 1687 1123 1702 ⁸
1159 1676 1306 1744 μετὰ
1331 1676 1509 1729 ταῦτα
1528 1662 1868 1743 μεταϐαλών

313 1782 390 1834 με
437 1765 641 1830 δεινῶς
693 1766 940 1832 ὀλέκεις,
985 1766 1444 1826 ἐπανακαινίζων
1479 1768 1568 1820 ἐπ’
1607 1767 1708 1835 ἐμὲ
1757 1766 1868 1832 τὴν

319 1853 532 1908 ἐτασίν
552 1873 689 1923 μου.
727 1855 932 1908 Οὐκοῦν
962 1858 1014 1908 αἱ
1072 1859 1246 1924 χεῖρες
1271 1856 1362 1909 τοῦ
1389 1855 1519 1908 Θεοῦ
1555 1859 1646 1908 καὶ
1683 1857 1864 1926 εποίη-

1981 687 2355 756 pinguabatur,
2385 687 2510 740 dum
2543 703 2641 757 ego
2669 689 2837 758 legem
2869 696 3013 742 tuam
3020 691 3349 754 Jneditarer.

2048 857 2208 912 Vens.
2241 860 2324 913 75.
2350 857 2536 912 Manus
2566 868 2666 915 tute
2689 861 2919 930 fecerunt
2949 879 3025 915 me
3058 871 3105 915 et
3123 864 3507 930 plasmaverunt

1979 966 2056 1002 me
2087 967 2104 1002 :
2134 950 2203 1002 da
2233 950 2356 1002 mihi
2396 951 2734 1013 intellectum,
2765 961 2814 1005 et
2859 953 3058 1005 discam
3099 956 3351 1008 mandata
3391 964 3502 1009 tua.

1976 1039 2107 1093 Cum
2147 1040 2284 1094 Deus
2311 1031 2502 1096 coelum
2537 1051 2590 1095 et
2641 1051 2838 1096 terram
2879 1051 2931 1097 et
2988 1045 3164 1098 omnia
3195 1061 3314 1115 qua
3341 1047 3394 1099 in
3425 1048 3504 1102 eis

1976 1139 2101 1185 sunt
2147 1133 2308 1185 verbo
2355 1142 2407 1186 et
2460 1143 2723 1202 praecepto
2766 1149 2865 1189 suo
2913 1135 3255 1197 condidisset,
3288 1140 3503 1206 quando

1975 1224 2119 1276 venit
2146 1224 2210 1276 ad
2252 1224 2545 1284 hominem,
2596 1223 2728 1276 dixit
2760 1242 2774 1278 :
2810 1222 3094 1278 Faciamus
3131 1225 3380 1280 hominem
3435 1229 3500 1280 ad

1973 1314 2246 1383 imaginem
2273 1323 2320 1365 et
2347 1313 2734 1366 similitudinem
2765 1325 2996 1367 nostram
3021 1318 3082 1371 ".
3111 1316 3333 1370 Cuinam
3375 1332 3504 1372 vero

1974 1403 2061 1454 alii
2084 1403 2214 1455 dicit
2251 1422 2262 1455 :
2300 1402 2579 1456 Faciamus
2619 1404 2893 1467 hominem,
2926 1407 3028 1459 nisi
3087 1405 3368 1475 L'nigcnito
3401 1423 3500 1461 suo

1972 1501 2022 1543 et
2043 1489 2262 1560 Spiritui
2290 1504 2495 1554 sancto,
2515 1510 2649 1562 quos
2671 1495 2776 1564 jam
2806 1511 2997 1549 manus
3026 1497 3290 1564 appellat?
3315 1497 3368 1549 ln
3398 1495 3500 1550 Job

1972 1581 2095 1634 item
2127 1581 2380 1634 scribitur
2412 1601 2423 1634 :
2460 1582 2644 1635 Manus
2684 1595 2785 1636 tute
2808 1585 3032 1651 fecerunt
3059 1602 3154 1649 me,
3183 1595 3229 1638 et
3270 1586 3500 1653 plasma-

1971 1681 2144 1723 verunt
2168 1688 2282 1724 me:
2304 1682 2476 1738 postea
2515 1684 2742 1727 mutatus
2772 1691 2850 1728 me
2879 1677 2989 1729 dire
3020 1676 3214 1742 perdis,
3249 1694 3496 1738 renouans

1955 1762 2019 1812 -in
2047 1777 2124 1812 me
2142 1777 2354 1814 examen
2382 1777 2546 1815 meum
2568 1763 2630 1816 ¹⁸.
2662 1761 2842 1833 Itaque
2881 1781 3069 1822 manus
3118 1766 3207 1821 Dei
3257 1767 3498 1821 fecerunt

1969 1860 2021 1904 et
2067 1853 2487 1920 plasmaverunt.
2535 1852 2610 1907 Ac
2652 1852 2911 1925 Origenes
2931 1857 3144 1926 quidem
3169 1867 3221 1912 et
3251 1861 3495 1913 nonnulli

321 1961 419 1996 σαν
447 1947 540 1997 καὶ
567 1944 817 1997 ἔπλασαν.
844 1945 950 1996 Καὶ
982 1945 1253 2015 Ὤριγένης
1289 1947 1384 2017 μὲν
1408 1947 1498 1999 καὶ
1529 1947 1700 2016 ἕτεροί
1728 1963 1868 2009 τινες
1900 1948 1939 2001 Β
1967 1943 2026 1995 ali

1785 1963 1868 2009 νες
1900 1948 1939 2001 Β
1967 1943 2053 1996 alii
2084 1942 2231 2005 illud,
2261 1943 2510 2011 fecerunt,
2534 1944 2600 1999 de
2620 1947 2796 1999 anima
2823 1948 3025 2001 dictum
3055 1951 3129 2002 ait
3155 1967 3168 2014 ;
3192 1951 3320 2003 illud
3344 1966 3490 2016 vero,

315 2035 396 2096 τὸ,
439 2035 748 2102 ἐποίησαν,
804 2036 894 2088 ἐπὶ
937 2035 1037 2104 τῆς
1093 2036 1265 2105 ψυχῆς
1299 2036 1544 2107 εἰρῆσθαί
1577 2054 1756 2104 φασιν,
1805 2037 1866 2089 τὺ

315 2123 395 2186 δὲ,
423 2124 717 2190 ἔπλασαν,
773 2124 865 2176 ἐπὶ
913 2123 1005 2177 τοῦ
1063 2123 1327 2194 σώματος.
1365 2125 1543 2177 Ἄλλοι
1571 2126 1624 2178 δὲ
1654 2125 1712 2176 τὸ
1745 2125 1860 2194 μὲν,

317 2215 629 2280 ἐποίησαν,
678 2215 768 2267 ἐπὶ
800 2217 897 2286 τῆς
937 2214 1153 2286 πρώτης
1205 2217 1556 2286 δημιουργίας
1603 2218 1759 2284 φασὶν
1791 2219 1865 2269 εί-

319 2305 534 2375 ρῆσθαι,
564 2306 622 2358 τὸ
640 2306 1020 2369 δὲ,ἕπλασαν,
1055 2307 1143 2358 ἐπὶ
1175 2307 1268 2377 τῆς
1303 2306 1395 2359 τοῦ
1424 2306 1643 2377 λουτροῦ
1671 2307 1861 2375 παλιγ-

315 2396 562 2462 γενεσίας
593 2395 684 2448 καὶ
716 2396 1082 2459 ἀναπλάσὲως.

389 2486 838 2554 Οί-φοσούμενοί
862 2502 934 2539 σε
976 2487 1224 2554 ὄψονται
1256 2503 1350 2555 με,
1409 2486 1504 2539 καὶ
1532 2486 1862 2554 εὐφρανθή-

315 2589 542 2636 σονται,
557 2573 645 2626 ὅτι
659 2577 742 2638 είς
758 2576 896 2640 τοὺς
912 2577 1130 2643 λόγους
1143 2589 1256 2627 σου
1277 2575 1601 2642 ἑπήλπισα.
1614 2577 1856 2643 Ἑτνων,

316 2667 510 2730 Κυριε,
552 2665 640 2717 ὅτι
665 2666 1016 2732 δικαιοσύνη
1043 2665 1113 2718 τὰ
1145 2664 1391 2734 κρίματα
1423 2682 1556 2730 σου,
1593 2667 1686 2719 καὶ
1715 2667 1860 2733 ἁλη-

316 2755 443 2819 θείᾳ
473 2754 860 2819 ἐταπείνωσά
884 2771 978 2823 με.
1018 2753 1328 2822 Γενηθήτω
1355 2754 1430 2823 δὴ
1456 2754 1521 2807 τὸ
1543 2754 1712 2820 ἔλεός
1745 2771 1858 2810 σου

316 2845 422 2900 τοῦ
462 2845 864 2914 παρακαλέσαι
921 2862 1025 2914 με,
1071 2847 1219 2900 κατὰ
1277 2845 1342 2899 τὸ
1386 2848 1594 2915 λόγιόν
1633 2861 1747 2901 σου
1780 2847 1859 2912 τῷ

312 2937 512 3000 δούλῳ
562 2952 694 2991 σου.
741 2937 1100 2991 Ἐλθέτωσάν
1140 2955 1241 3006 μοι
1291 2940 1346 2991 οί
1398 2939 1679 3005 οἰκτιρμοί
1719 2953 1854 3002 σου,

315 3031 412 3083 καί
442 3029 705 3098 ζήσομαι,
733 3027 820 3082 ὅτι
860 3031 892 3082 ό
916 3029 1094 3096 νόμος
1122 3044 1236 3081 σου
1259 3028 1474 3096 μελέτη
1511 3045 1627 3096 μου
1665 3029 1851 3082 ἐστίν.

315 3121 377 3173 Εἰ
409 3119 550 3172 ἔλθοι
580 3120 664 3172 ἐπ’
696 3118 795 3190 ἐμὲ
828 3119 886 3171 τὸ
923 3117 1064 3182 ἔλεός
1095 3135 1214 3189 σου,
1254 3119 1345 3170 καὶ
1366 3117 1625 3187 φθήσαιεν
1651 3119 1772 3188 ἐμοὶ
1805 3121 1853 3170 ol

313 3211 583 3282 οἰκτιρμοί
611 3227 721 3272 σου,
769 3211 827 3262 οὐ
860 3209 1301 3277 καταποθήσομαι
1341 3207 1442 3260 ὑπὸ
1473 3209 1568 3278 τῆς
1595 3208 1854 3282 ταπεινῶν

315 3317 472 3364 σεως,
506 3299 617 3354 ἀλλ’
645 3300 1050 3369 ἐγκαρτερήσας
1077 3297 1161 3350 διὰ
1180 3298 1276 3366 τῆς
1315 3297 1606 3368 ὑπομονῆς,
1647 3293 1704 3351 εὖ
1737 3294 1851 3352 οἶδα

314 3390 395 3442 ὅτι
446 3389 700 3462 ζήσομαι.
758 3390 947 3458 Τυχεῖν
1003 3388 1059 3441 δὲ
1101 3388 1192 3441 τοῦ
1241 3388 1418 3451 ἐλέους
1468 3405 1558 3442 σου
1615 3389 1707 3442 καὶ
1750 3390 1876 3441 τῶν.

313 3479 610 3550 οίκτιρμῶν
639 3496 729 3531 σου
761 3479 921 3544 ἀξιῶ·
957 3481 1078 3532 ἐπεὶ
1115 3481 1206 3532 καὶ
1239 3480 1395 3541 αὐτὸς
1431 3479 1498 3532 τὰ
1533 3481 1656 3551 παρ’
1687 3481 1880 3550 ἑμαυ-’

313 3569 405 3624 τοῦ
430 3570 605 3624 πάντα
641 3570 857 3640 πληρῶν
897 3571 956 3622 οὐ
989 3571 1358 3638 διαλιμπάνω,
1399 3572 1490 3623 καὶ
1529 3574 1587 3623 ὲν
1629 3571 1761 3641 αὐτῇ
1789 3573 1852 3640 τῇ

312 3658 633 3714 ταπεινώσει
657 3660 744 3712 τὸν
771 3659 929 3729 νόμον
958 3675 1048 3711 σου
1087 3659 1378 3730 μελετήσω.

381 3750 885 3819 Αἰσχυνθήτωσαν
926 3749 1310 3818 ὑπερήφανοι,
1349 3749 1436 3804 ὅτι
1472 3751 1687 3817 ἀδίκως
1715 3753 1853 3819 ἠνό-

307 3857 515 3911 μησαν
546 3844 632 3908 είς
672 3841 794 3912 ἐμὲ,
821 3841 933 3910 ἐγὼ
973 3840 1039 3893 δὲ
1077 3840 1471 3911 ἀδολεσχήσω
1501 3843 1568 3894 ὲν
1596 3843 1720 3908 ταῖς
1755 3843 1852 3895 ὲν-

315 3932 520 3998 τολαῖς
552 3949 688 3986 σου.
736 3931 1292 4001 Ἐπιστρεψάτωσάν
1321 3949 1398 4000 με
1428 3935 1480 3986 οί
1506 3934 1854 4002 φοϐούμενοί

312 4039 405 4086 σε,
440 4023 534 4076 καί
563 4027 614 4076 οἱ
652 4022 1044 4092 γινώσκοντες
1091 4022 1160 4075 τὰ
1194 4021 1481 4090 μαρτύριά
1508 4036 1640 4075 σου.
1671 4024 1852 4086 Γενη-

311 4114 467 4182 θήτω
508 4116 546 4182 ἡ
586 4114 795 4181 καρδία
817 4130 934 4182 μου
983 4115 1214 4182 ἄμωμος
1255 4113 1324 4165 ἐν
1355 4111 1474 4175 τοῖς
1510 4111 1851 4179 δικαιώμασί

309 4221 448 4268 σου,
478 4204 634 4271 ὅπως
663 4207 739 4258 ἂν
759 4203 844 4274 μὴ
876 4202 1194 4272 αίσχυνθῶ.
1229 4203 1408 4256 Πάντα
1437 4202 1542 4273 γὰρ
1575 4203 1643 4255 τὰ
1673 4205 1848 4274 ἁμαρ-

311 4299 532 4367 τήματα
573 4297 828 4366 αἰσχύνης
870 4297 1016 4348 ἐστὶν
1049 4293 1189 4360 ἄξια.
1242 4295 1384 4358 Ἕως
1427 4296 1522 4364 μὲν
1567 4296 1672 4366 γὰρ
1715 4313 1848 4367 καρ-

309 4389 396 4442 δία
433 4387 625 4456 ἀτελὴς
650 4387 922 4456 τυγχάνει,
955 4386 1119 4456 πολλὴ
1157 4389 1372 4457 φροντὶς
1405 4389 1496 4440 καὶ
1531 4389 1737 4456 ἀγωνία
1775 4392 1847 4461 μή

311 4496 388 4550 πη
417 4479 524 4550 ἄρα
571 4479 662 4531 καὶ
693 4476 958 4549 ἀσθενήσῃ
1002 4479 1100 4532 καὶ
1151 4478 1339 4548 χείρων
1371 4480 1564 4549 ἑαυτῆς
1591 4481 1804 4551 γένηται
1833 4499 1844 4510 ·

1962 2034 2364 2102 plasmaverunt,
2392 2034 2457 2088 de
2483 2051 2726 2104 corpore.
2758 2036 2859 2090 Alii
2893 2055 3018 2092 vero
3064 2041 3213 2102 illud,
3243 2027 3490 2107 fecerunt,

1963 2125 2027 2179 de
2042 2126 2212 2193 prima
2249 2127 2522 2180 creatione
2570 2127 2772 2180 dictum
2806 2127 3102 2194 aﬂirmant;
3135 2131 3261 2184 illud
3293 2141 3490 2200 autem,

1959 2217 2362 2280 plasmaverunt,
2395 2217 2458 2272 de
2494 2218 2708 2271 lavacro
2760 2221 3180 2289 regenerationis
3212 2236 3273 2275 ac
3320 2221 3492 2277 refor-

1961 2318 2212 2362 mattone.

2023 2484 2188 2540 Vens.
2220 2486 2402 2540 74-77.
2443 2485 2545 2552 Qui
2578 2487 2756 2540 timent
2790 2496 2853 2550 te,
2887 2487 3124 2542 uidebunt
3157 2505 3255 2553 me,
3302 2501 3351 2543 et
3399 2489 3491 2544 Ic-

1960 2576 2226 2639 tabuntur,
2257 2579 2379 2646 quia
2420 2579 2473 2630 in
2514 2577 2665 2631 verba
2711 2587 2800 2631 tua
2833 2581 3199 2647 supersperavi.
3241 2579 3485 2650 Cognoui,

1959 2669 2196 2732 Domine,
2227 2669 2348 2736 quia
2379 2669 2595 2736 tequitas
2623 2668 2825 2735 judicia
2861 2679 2970 2729 tua.
2995 2680 3044 2723 et
3077 2671 3127 2722 in
3159 2672 3370 2726 veritate
3391 2671 3488 2722 Itu-

1958 2759 2173 2821 mt‘liasti
2204 2774 2300 2811 me.
2340 2756 2461 2810 Fiat
2495 2757 2846 2810 misericordia
2876 2767 2964 2810 tua
2993 2767 3050 2810 ut
3083 2758 3372 2812 consoletur
3387 2775 3485 2823 me,

1956 2830 2232 2902 secundum
2267 2850 2523 2917 eloquium
2571 2858 2714 2900 tuum
2758 2865 2896 2902 servo
2949 2859 3056 2904 tuo.
3110 2850 3322 2904 Veniant
3365 2852 3489 2905 mihi

1957 2939 2310 2992 miserationes
2342 2947 2441 2990 tute
2476 2946 2524 2990 et
2573 2938 2756 3000 vittam,
2782 2939 2902 3007 quia
2951 2940 3032 2991 lex
3075 2949 3164 2992 tua
3219 2934 3485 2994 meditatio

1955 3047 2068 3084 mea
2101 3039 2197 3084 est.
2240 3028 2298 3082 Si
2329 3029 2576 3083 adveniat
2608 3031 2737 3084 mihi
2772 3030 3135 3085 misericordia
3168 3039 3280 3098 tua,
3303 3039 3354 3086 et
3381 3031 3503 3086 mi-.

1953 3122 2250 3176 serationes
2282 3131 2385 3176 tute
2422 3121 2487 3174 ad
2533 3136 2618 3175 me
2650 3123 2996 3185 accesserint,
3027 3137 3360 3192 nequaquam
3388 3124 3486 3177 ab-

1957 3211 2216 3266 sorbebor
2291 3200 2694 3279 humiliatiohe;
2735 3212 2829 3266 sed
2872 3229 2963 3282 per
3007 3214 3315 3283 patientiam
3357 3229 3484 3284 per-

1957 3301 2394 3368 severans,_bene
2439 3303 2560 3373 novi
2611 3318 2695 3357 me
2744 3305 2797 3357 in
2837 3306 2944 3358 vita
2993 3320 3302 3360 mansurum
3345 3319 3482 3361 esse.

1955 3392 2377 3448 Misericordiam
2429 3408 2556 3447 vero
2600 3401 2654 3448 et
2697 3395 3070 3449 miserationes
3120 3403 3240 3450 tuas
3296 3411 3486 3452 conse-

1953 3484 2044 3553 qui
2091 3498 2260 3554 rogo;
2291 3485 2414 3552 quia
2447 3493 2499 3539 et
2531 3486 2642 3554 ipse
2672 3485 2852 3538 omnia
2885 3501 3003 3553 qua
3053 3486 3324 3543 facultatis
3357 3504 3485 3543 mea

1953 3584 2079 3630 sunt
2108 3576 2324 3646 implere
2346 3591 2451 3630 non
2479 3576 2752 3639 desino,et
2767 3577 2820 3630 in
2851 3574 3344 3646 ipSahumiliatione
3368 3595 3486 3635 mea

1954 3666 2120 3736 legem
2151 3676 2292 3720 tuam
2328 3667 2644 3720 meditabor.
3291 3672 3294 3675 ’

2022 3754 2184 3809 Vsus.
2240 3755 2418 3809 78-80.
2448 3755 2849 3823 Confundantur
2877 3756 3103 3824 superbi,
3146 3756 3266 3825 quia
3295 3757 3485 3823 injuste

1951 3847 2272 3915 iniquitatem
2299 3847 2525 3914 fecerunt
2553 3847 2606 3898 in
2655 3863 2754 3907 me,
2783 3862 2886 3914 ego‘
2920 3855 3089 3898 autem
3131 3845 3401 3900 exercebar
3429 3846 3482 3898 in

1952 3935 2211 3988 mandatis
2256 3936 2375 3988 tuis.
2410 3925 2785 3987 Convertuntur
2812 3935 2936 3986 mihi
2964 3937 3192 3988 timentes
3223 3944 3287 4000 te,
3324 3945 3373 3988 et
3395 3939 3483 4005 qui

1951 4036 2194 4079 noverunt
2224 4027 2520 4078 testimonia
2567 4034 2675 4077 tua.
2711 4023 2834 4077 Fiat
2863 4041 2953 4077 cor
2981 4043 3146 4083 meum
3177 4027 3484 4080 immacula-

1951 4123 2056 4165 tum
2087 4115 2137 4165 in
2147 4113 2611 4182 justiﬁcationibus
2646 4116 2770 4174 tuis,
2803 4125 2858 4166 ut
2886 4132 2985 4168 non
3012 4116 3326 4184 confundor.
3357 4115 3485 4171 Ome

1949 4206 2038 4258 nia
2069 4219 2300 4274 namque
2329 4211 2546 4274 peccata
2585 4201 2904 4271 confusione
2930 4207 3087 4276 digna
3113 4217 3259 4264 sunt.
3299 4210 3482 4276 Quan-

1947 4295 2036 4349 diu
2082 4297 2221 4348 enim
2262 4310 2356 4348 cor
2396 4287 2766 4363 imperfectum
2809 4297 3042 4359 exsistit,
3083 4299 3250 4351 multa
3281 4299 3482 4354 sollici-

1948 4385 2076 4437 tudo
2115 4393 2166 4438 et
2217 4385 2492 4438 contentio
2538 4392 2642 4446 est.
2688 4401 2755 4439 ne
2785 4386 3081 4440 inﬁrmetur
3130 4394 3186 4442 et
3239 4389 3477 4444 deterius

1947 4474 2134 4529 evadat
2168 4476 2420 4544 :quando
2454 4484 2632 4530 autem
2681 4477 2981 4544 pervenerit
3019 4476 3084 4529 ad
3119 4479 3322 4547 apicem
3354 4495 3476 4550 per-

311 4572 399 4623 ὃτε
433 4570 487 4623 δὲ
521 4572 598 4632 εἰς
649 4570 814 4640 ἄκρον
865 4568 1043 4642 φθάσῃ
1094 4570 1188 4637 τῆς
1234 4569 1582 4639 τελειότητος,
1633 4573 1689 4623 ἐν
1738 4571 1846 4638 ἕξει
1881 4591 1919 4642 υ
1950 4565 2016 4620 fet

1770 4571 1846 4638 ξει
1881 4591 1919 4642 υ
1950 4565 2216 4630 lectionis,
2249 4567 2304 4619 in
2349 4565 2562 4619 virtutis
2605 4565 2788 4618 habitu
2827 4571 2880 4618 et
2909 4566 3300 4622 consuetudine
3351 4583 3475 4624 con-

311 4661 512 4732 ἀρετῆς
556 4662 885 4722 καταστᾶσα,
944 4659 1045 4723 ἔξω
1095 4662 1377 4731 γενήσεται
1428 4661 1623 4724 παντὸς
1665 4662 1846 4730 φόόου,

309 4754 489 4806 οὐκέτι
516 4751 921 4821 ἀμφιδάλλουσα
957 4752 1029 4821 μή
1069 4767 1194 4803 ποτε
1227 4753 1331 4824 ἄρα
1363 4753 1740 4822 καταισχυνθῇ.

397 4845 685 4897 Ἐκλείπει
717 4846 802 4907 είς
846 4844 910 4896 τὸ
963 4841 1254 4909 σωτήριόν
1294 4859 1407 4895 σου
1441 4844 1477 4910 ἠ
1516 4844 1682 4910 ψυχή
1708 4863 1845 4912 μου,

308 4938 400 5000 εις,
433 4935 575 4999 τοὺς
618 4937 834 5003 λόγους
866 4949 979 4987 σου
1021 4933 1344 4998 ἐπήλπισα.
1381 4933 1587 5003 Σφόδρα
1628 4935 1846 4987 ἀκολού-

311 5025 415 5088 θως
443 5023 753 5095 ἑρμηνεύων
796 5026 847 5076 τί
882 5025 1007 5077 ποτὲ
1053 5026 1166 5077 ἔστι
1210 5024 1269 5075 τὸ
1301 5024 1557 5093 σωτήριον
1607 5025 1839 5092 ἐπιλέγει

309 5117 436 5185 ἑξῆς
457 5134 469 5146 ·
511 5119 613 5181 ea;
634 5115 738 5168 τὸν
757 5117 937 5183 λόγον
957 5130 1070 5169 σου
1093 5114 1417 5183 ἐπήλπισα,
1440 5116 1732 5184 σημαίνων,
1762 5118 1841 5169 ὅτι

309 5209 369 5262 τὺ
385 5207 645 5278 σωτήριον
657 5207 684 5256 ὁ
697 5205 818 5267 Υἱὸς
833 5205 925 5258 τοῦ
943 5205 1076 5258 Θεοῦ
1094 5208 1225 5258 ἐστι.
1244 5205 1551 5268 Ἑξέλιπον
1565 5210 1617 5258 οί
1635 5207 1843 5274 ὀφθαλ-

305 5302 406 5367 μοί
438 5315 554 5366 μου
581 5297 668 5361 είς
681 5296 744 5349 τὸ
767 5295 970 5365 λόγιόν
989 5311 1124 5359 σου,
1153 5295 1449 5364 λέγοντος·
1489 5298 1634 5350 Πότε
1661 5313 1842 5366 παρα-

309 5385 584 5452 καλέσεις
603 5403 710 5455 με;
748 5386 831 5438 ὅτι
868 5385 1154 5455 ἐγενήθην
1188 5387 1266 5452 ὡς
1299 5387 1487 5453 ἀσκὸς
1518 5388 1586 5442 ἐν
1619 5387 1836 5457 πάχνη,

309 5478 379 5531 τὰ
424 5477 776 5548 δικαιώματά
816 5493 930 5532 σου
965 5481 1075 5533 οὐκ
1112 5480 1498 5549 ἐπελαθόμην.
1538 5483 1723 5535 Πόσαι
1766 5486 1842 5536 εί-

309 5570 414 5622 σὶν
444 5573 502 5622 al
532 5570 739 5639 ἡμέραι
788 5570 892 5623 τοῦ
929 5569 1147 5626 δούλου
1196 5585 1345 5636 σου;
1399 5573 1540 5624 πότε
1575 5573 1842 5640 ποιήσεις

305 5677 405 5732 μοι
455 5660 522 5712 ἐκ
580 5659 696 5712 τῶν
745 5659 1221 5716 κιιταὸιωκόντων
1259 5679 1334 5732 με
1383 5664 1610 5732 κρίσιν;
1640 5666 1844 5736 Διητή-
1884 5744 1916 5750 ν

275 5848 278 5850 ·
383 5833 795 5904 “Gen.t,26.
871 5835 1229 5904 "Jobs,8.

1947 4656 2212 4718 stitutum,
2245 4656 2390 4708 omni
2432 4662 2575 4708 metu
2605 4668 2831 4708 vacuum
2869 4656 2991 4716 erit,
3016 4669 3190 4724 neque
3223 4653 3498 4713 haesitans

1944 4746 2216 4800 verebitur
2244 4760 2311 4799 ne
2335 4744 2718 4798 contundatur.

2011 4835 2174 4891 Vnus.
2208 4837 2294 4890 8i.
2338 4836 2521 4905 Deficit
2566 4838 2618 4889 in
2646 4840 2879 4890 salutare
2918 4846 3061 4888 tuum
3097 4836 3273 4888 anima
3304 4852 3416 4889 mea
3457 4853 3474 4889 :

1942 4928 1994 4980 in
2025 4926 2175 4980 verba
2211 4935 2299 4979 tua
2337 4929 2714 4998 supersperavi.
2752 4926 3051 4981 Admodum
3083 4936 3476 4994 consequenter

1945 5019 2219 5086 explicans
2245 5018 2372 5086 quid
2399 5020 2468 5072 sit
2501 5019 2738 5073 salutare
2776 5018 2927 5081 illud,
2953 5017 3133 5086 adjicit
3155 5023 3339 5086 postea
3370 5036 3382 5071 :
3410 5017 3474 5070 In

1946 5110 2149 5162 verbum
2175 5119 2317 5162 tuum
2344 5111 2715 5178 supersperavi,
2755 5110 3062 5181 signiﬁcans
3086 5108 3317 5162 salutare
3336 5107 3473 5161 Illud

1943 5216 2063 5257 esse
2094 5200 2286 5255 Filium
2320 5200 2432 5257 Dei.
2467 5233 2536 5242 —
2565 5201 2727 5258 Vens.
2761 5203 2942 5257 82-88.
2985 5199 3288 5268 Defecerunt
3337 5198 3474 5251 oculi

1944 5295 2042 5348 mei
2069 5294 2124 5346 in
2148 5294 2404 5362 eloquium
2443 5304 2606 5360 tuum,
2631 5295 2850 5348 dicentes
2880 5310 2896 5346 :
2927 5291 3144 5358 Quando
3176 5288 3472 5344 consolatu-

1943 5386 2013 5438 ris
2051 5387 2171 5440 me?
2203 5385 2336 5450 Quia
2372 5386 2540 5454 factus
2570 5402 2682 5439 sum
2715 5387 2844 5438 sicut
2873 5395 2984 5436 uter
3016 5385 3068 5436 in
3085 5384 3288 5450 pruina,
3311 5380 3471 5449 justi-

1945 5479 2209 5547 ﬁcationes
2243 5489 2358 5531 tuas
2381 5495 2479 5531 non
2509 5495 2623 5532 sum
2663 5477 2871 5531 oblitus.
2896 5474 3031 5541 Quot
3055 5485 3174 5528 sunt
3201 5474 3307 5526 dies
3341 5471 3471 5524 servi

1949 5571 2022 5623 tui
2045 5573 2069 5625 .’
2092 5570 2294 5640 quando
2323 5572 2480 5633 facies
2515 5569 2642 5623 milii
2668 5571 2729 5623 de
2766 5567 3176 5638 persequentibus
3213 5581 3291 5617 me
3320 5562 3468 5631 judi-
3505 5573 3508 5576 ·

1949 5665 2084 5719 cium
2107 5667 2131 5719 ἶ)
2155 5663 2512 5720 Narraverunt
2533 5662 2657 5716 mihi
2683 5663 2843 5732 iniqui
2870 5659 3231 5731 {abttlationes,
3259 5657 3345 5710 sed
3369 5669 3468 5708 non
