  <div class='ocr_page' id='page_1' title='image "/cluster/home/n/w/nwhite01/storage/ocr_20150623/23/coo.31924054873041/707.png"; bbox 0 0 4318 6444; ppageno 0'>
   <div class='ocr_carea' id='block_1_1' title="bbox 805 488 935 543">
    <p class='ocr_par' dir='ltr' id='par_1_1' title="bbox 805 488 935 543">
     <span class='ocr_line' id='line_1_1' title="bbox 805 488 935 543; baseline -0.015 -1"><span class='ocrx_word' id='word_1_1' title='bbox 805 488 935 543; x_wconf 69' lang='grc'><strong>1579</strong></span> 
     </span>
    </p>
   </div>
   <div class='ocr_carea' id='block_1_2' title="bbox 1496 493 3328 559">
    <p class='ocr_par' dir='ltr' id='par_1_2' title="bbox 1496 493 3328 559">
     <span class='ocr_line' id='line_1_2' title="bbox 1496 493 3328 559; baseline 0.006 -13"><span class='ocrx_word' id='word_1_2' title='bbox 1496 493 1757 550; x_wconf 82' lang='lat' dir='ltr'><strong>EUSEBH</strong></span> <span class='ocrx_word' id='word_1_3' title='bbox 1788 495 2261 549; x_wconf 66' lang='lat' dir='ltr'><strong>CESARIENSIS</strong></span> <span class='ocrx_word' id='word_1_4' title='bbox 2298 495 2443 550; x_wconf 87' lang='lat' dir='ltr'><strong>OPP.</strong></span> <span class='ocrx_word' id='word_1_5' title='bbox 2486 496 2664 550; x_wconf 76' lang='lat' dir='ltr'><strong>PARS</strong></span> <span class='ocrx_word' id='word_1_6' title='bbox 2698 497 2784 553; x_wconf 84' lang='lat' dir='ltr'><strong>Ill.</strong></span> <span class='ocrx_word' id='word_1_7' title='bbox 2826 529 2894 540; x_wconf 92' lang='lat'><strong>--</strong></span> <span class='ocrx_word' id='word_1_8' title='bbox 2929 502 3328 559; x_wconf 77' lang='lat' dir='ltr'><strong>EXEGETICA.</strong></span> 
     </span>
    </p>
   </div>
   <div class='ocr_carea' id='block_1_3' title="bbox 3865 506 3999 561">
    <p class='ocr_par' dir='ltr' id='par_1_3' title="bbox 3865 506 3999 561">
     <span class='ocr_line' id='line_1_3' title="bbox 3865 506 3999 561; baseline -0.015 -1"><span class='ocrx_word' id='word_1_9' title='bbox 3865 506 3999 561; x_wconf 71' lang='lat' dir='ltr'><strong>i580</strong></span> 
     </span>
    </p>
   </div>
   <div class='ocr_carea' id='block_1_4' title="bbox 803 607 2508 692">
    <p class='ocr_par' dir='ltr' id='par_1_4' title="bbox 803 607 2508 678">
     <span class='ocr_line' id='line_1_4' title="bbox 803 607 2508 678; baseline 0.008 -22"><span class='ocrx_word' id='word_1_10' title='bbox 803 615 858 656; x_wconf 83' lang='lat' dir='ltr'><strong>ut</strong></span> <span class='ocrx_word' id='word_1_11' title='bbox 897 607 979 658; x_wconf 75' lang='lat' dir='ltr'><strong>lex</strong></span> <span class='ocrx_word' id='word_1_12' title='bbox 1033 617 1143 678; x_wconf 82' lang='lat' dir='ltr'><strong>tua,</strong></span> <span class='ocrx_word' id='word_1_13' title='bbox 1187 610 1422 664; x_wconf 80' lang='lat' dir='ltr'><strong>Domine.</strong></span> <span class='ocrx_word' id='word_1_14' title='bbox 1459 612 1648 666; x_wconf 80' lang='lat' dir='ltr'><strong><em>Omnia</em></strong></span> <span class='ocrx_word' id='word_1_15' title='bbox 1684 615 1936 668; x_wconf 86' lang='lat' dir='ltr'><strong>mandata</strong></span> <span class='ocrx_word' id='word_1_16' title='bbox 1998 626 2087 668; x_wconf 85' lang='lat' dir='ltr'><strong>tua</strong></span> <span class='ocrx_word' id='word_1_17' title='bbox 2111 617 2298 669; x_wconf 74' lang='lat' dir='ltr'><strong>veritas</strong></span> <span class='ocrx_word' id='word_1_18' title='bbox 2331 633 2350 670; x_wconf 91' lang='lat'><strong><em>:</em></strong></span> <span class='ocrx_word' id='word_1_19' title='bbox 2381 621 2426 677; x_wconf 73' lang='grc' dir='ltr'>Α</span> <span class='ocrx_word' id='word_1_20' title='bbox 2451 631 2508 670; x_wconf 81' lang='grc' dir='ltr'>σι</span> 
     </span>
    </p>
   </div>
   <div class='ocr_carea' id='block_1_5' title="bbox 2290 607 3995 692">
    <p class='ocr_par' dir='ltr' id='par_1_5' title="bbox 2290 620 3995 692">
     <span class='ocr_line' id='line_1_5' title="bbox 2290 620 3995 692; baseline 0.006 -24"><span class='ocrx_word' id='word_1_21' title='bbox 2290 635 2298 668; x_wconf 93' lang='lat'><strong>:</strong></span> <span class='ocrx_word' id='word_1_22' title='bbox 2331 633 2350 670; x_wconf 91' lang='lat'><strong><em>:</em></strong></span> <span class='ocrx_word' id='word_1_23' title='bbox 2381 621 2426 677; x_wconf 72' lang='grc' dir='ltr'>Α</span> <span class='ocrx_word' id='word_1_24' title='bbox 2451 631 2636 671; x_wconf 81' lang='grc' dir='ltr'><strong>σαντο</strong></span> <span class='ocrx_word' id='word_1_25' title='bbox 2660 636 2760 686; x_wconf 79' lang='grc' dir='ltr'><strong>μοι</strong></span> <span class='ocrx_word' id='word_1_26' title='bbox 2793 620 3114 690; x_wconf 76' lang='grc' dir='ltr'><strong>παράνομοι</strong></span> <span class='ocrx_word' id='word_1_27' title='bbox 3155 623 3513 691; x_wconf 73' lang='grc' dir='ltr'>ἀδολεσχίας</span> <span class='ocrx_word' id='word_1_28' title='bbox 3534 663 3549 687; x_wconf 93' lang='grc'><strong>,</strong></span> <span class='ocrx_word' id='word_1_29' title='bbox 3599 624 3733 678; x_wconf 61' lang='grc' dir='ltr'><strong>ἀλλ’</strong></span> <span class='ocrx_word' id='word_1_30' title='bbox 3771 627 3881 692; x_wconf 85' lang='grc' dir='ltr'><strong>οὐχ</strong></span> <span class='ocrx_word' id='word_1_31' title='bbox 3917 626 3995 689; x_wconf 85' lang='grc' dir='ltr'><strong>ὡς</strong></span> 
     </span>
    </p>
   </div>
   <div class='ocr_carea' id='block_1_6' title="bbox 802 697 2346 771">
    <p class='ocr_par' dir='ltr' id='par_1_6' title="bbox 802 697 2346 771">
     <span class='ocr_line' id='line_1_6' title="bbox 802 697 2346 771; baseline 0.01 -26"><span class='ocrx_word' id='word_1_32' title='bbox 802 697 971 762; x_wconf 76' lang='lat' dir='ltr'><strong>inique</strong></span> <span class='ocrx_word' id='word_1_33' title='bbox 998 701 1251 764; x_wconf 79' lang='lat' dir='ltr'><strong>persecuti</strong></span> <span class='ocrx_word' id='word_1_34' title='bbox 1305 711 1424 753; x_wconf 86' lang='lat' dir='ltr'><strong>sunt</strong></span> <span class='ocrx_word' id='word_1_35' title='bbox 1476 719 1575 764; x_wconf 88' lang='lat' dir='ltr'><strong>me,</strong></span> <span class='ocrx_word' id='word_1_36' title='bbox 1605 704 1798 771; x_wconf 84' lang='lat' dir='ltr'><strong>adjuva</strong></span> <span class='ocrx_word' id='word_1_37' title='bbox 1836 722 1933 757; x_wconf 89' lang='lat' dir='ltr'><strong>me.</strong></span> <span class='ocrx_word' id='word_1_38' title='bbox 1972 705 2143 758; x_wconf 86' lang='lat' dir='ltr'><strong>Paulo</strong></span> <span class='ocrx_word' id='word_1_39' title='bbox 2178 707 2346 760; x_wconf 82' lang='lat' dir='ltr'><strong>minus</strong></span> 
     </span>
    </p>
   </div>
   <div class='ocr_carea' id='block_1_7' title="bbox 801 795 2349 865">
    <p class='ocr_par' dir='ltr' id='par_1_7' title="bbox 801 795 2349 865">
     <span class='ocr_line' id='line_1_7' title="bbox 801 795 2349 865; baseline 0.008 -28"><span class='ocrx_word' id='word_1_40' title='bbox 801 802 1282 843; x_wconf 79' lang='lat' dir='ltr'><strong>consummaverunt</strong></span> <span class='ocrx_word' id='word_1_41' title='bbox 1317 809 1396 845; x_wconf 82' lang='lat' dir='ltr'><strong>me</strong></span> <span class='ocrx_word' id='word_1_42' title='bbox 1421 795 1470 844; x_wconf 90' lang='lat' dir='ltr'><strong>in</strong></span> <span class='ocrx_word' id='word_1_43' title='bbox 1505 804 1663 847; x_wconf 89' lang='lat' dir='ltr'><strong>terra.</strong></span> <span class='ocrx_word' id='word_1_44' title='bbox 1715 795 1823 865; x_wconf 81' lang='lat' dir='ltr'><strong>Ego</strong></span> <span class='ocrx_word' id='word_1_45' title='bbox 1860 805 2034 848; x_wconf 87' lang='lat' dir='ltr'><strong>autem</strong></span> <span class='ocrx_word' id='word_1_46' title='bbox 2075 815 2175 849; x_wconf 90' lang='lat' dir='ltr'><strong>non</strong></span> <span class='ocrx_word' id='word_1_47' title='bbox 2203 798 2349 850; x_wconf 85' lang='lat' dir='ltr'><strong>dere-</strong></span> 
     </span>
    </p>
   </div>
   <div class='ocr_carea' id='block_1_8' title="bbox 776 874 2347 942">
    <p class='ocr_par' dir='ltr' id='par_1_8' title="bbox 776 874 2347 942">
     <span class='ocr_line' id='line_1_8' title="bbox 776 874 2347 942; baseline 0.01 -18"><span class='ocrx_word' id='word_1_48' title='bbox 776 874 926 942; x_wconf 77' lang='lat' dir='ltr'><strong>.liqui</strong></span> <span class='ocrx_word' id='word_1_49' title='bbox 960 878 1210 930; x_wconf 89' lang='lat' dir='ltr'><strong>mandata</strong></span> <span class='ocrx_word' id='word_1_50' title='bbox 1242 888 1350 932; x_wconf 90' lang='lat' dir='ltr'><strong>tua.</strong></span> <span class='ocrx_word' id='word_1_51' title='bbox 1401 879 1692 934; x_wconf 84' lang='lat' dir='ltr'><strong>Secundum</strong></span> <span class='ocrx_word' id='word_1_52' title='bbox 1743 885 2155 938; x_wconf 83' lang='lat' dir='ltr'><strong>misericordiam</strong></span> <span class='ocrx_word' id='word_1_53' title='bbox 2203 898 2347 939; x_wconf 78' lang='lat' dir='ltr'><strong>lnam</strong></span> 
     </span>
    </p>
   </div>
   <div class='ocr_carea' id='block_1_9' title="bbox 799 966 2347 1034">
    <p class='ocr_par' dir='ltr' id='par_1_9' title="bbox 799 966 2347 1034">
     <span class='ocr_line' id='line_1_9' title="bbox 799 966 2347 1034; baseline 0.008 -17"><span class='ocrx_word' id='word_1_54' title='bbox 799 966 1000 1033; x_wconf 75' lang='lat' dir='ltr'><strong>uiui/ica</strong></span> <span class='ocrx_word' id='word_1_55' title='bbox 1040 986 1138 1034; x_wconf 89' lang='lat' dir='ltr'><strong>me,</strong></span> <span class='ocrx_word' id='word_1_56' title='bbox 1160 979 1210 1022; x_wconf 85' lang='lat' dir='ltr'><strong>et</strong></span> <span class='ocrx_word' id='word_1_57' title='bbox 1246 969 1539 1024; x_wconf 80' lang='lat' dir='ltr'><strong>custodiam</strong></span> <span class='ocrx_word' id='word_1_58' title='bbox 1566 975 1862 1027; x_wconf 75' lang='lat' dir='ltr'><strong>testimonia</strong></span> <span class='ocrx_word' id='word_1_59' title='bbox 1890 977 1996 1028; x_wconf 87' lang='lat' dir='ltr'><strong>oris</strong></span> <span class='ocrx_word' id='word_1_60' title='bbox 2021 977 2116 1029; x_wconf 88' lang='lat' dir='ltr'><strong>tui.</strong></span> <span class='ocrx_word' id='word_1_61' title='bbox 2152 975 2347 1029; x_wconf 86' lang='lat' dir='ltr'><strong>Secun-</strong></span> 
     </span>
    </p>
   </div>
   <div class='ocr_carea' id='block_1_10' title="bbox 798 1058 2342 1136">
    <p class='ocr_par' dir='ltr' id='par_1_10' title="bbox 798 1058 2342 1136">
     <span class='ocr_line' id='line_1_10' title="bbox 798 1058 2342 1136; baseline 0.008 -26"><span class='ocrx_word' id='word_1_62' title='bbox 798 1058 922 1111; x_wconf 90' lang='lat' dir='ltr'><strong>dum</strong></span> <span class='ocrx_word' id='word_1_63' title='bbox 979 1060 1250 1128; x_wconf 83' lang='lat' dir='ltr'><strong>eloquium</strong></span> <span class='ocrx_word' id='word_1_64' title='bbox 1294 1061 1383 1115; x_wconf 85' lang='lat' dir='ltr'><strong>Dei</strong></span> <span class='ocrx_word' id='word_1_65' title='bbox 1419 1063 1615 1126; x_wconf 82' lang='lat' dir='ltr'><strong>vivere,</strong></span> <span class='ocrx_word' id='word_1_66' title='bbox 1649 1074 1731 1118; x_wconf 90' lang='lat' dir='ltr'><strong>est</strong></span> <span class='ocrx_word' id='word_1_67' title='bbox 1768 1082 1890 1120; x_wconf 89' lang='lat' dir='ltr'><strong>cum</strong></span> <span class='ocrx_word' id='word_1_68' title='bbox 1937 1069 2134 1136; x_wconf 75' lang='lat' dir='ltr'><strong>pietate</strong></span> <span class='ocrx_word' id='word_1_69' title='bbox 2180 1071 2342 1122; x_wconf 83' lang='lat' dir='ltr'><strong>vitam</strong></span> 
     </span>
    </p>
   </div>
   <div class='ocr_carea' id='block_1_11' title="bbox 796 1154 2340 1220">
    <p class='ocr_par' dir='ltr' id='par_1_11' title="bbox 796 1154 2340 1220">
     <span class='ocr_line' id='line_1_11' title="bbox 796 1154 2340 1220; baseline 0.01 -20"><span class='ocrx_word' id='word_1_70' title='bbox 796 1163 969 1218; x_wconf 84' lang='lat' dir='ltr'><strong>agere,</strong></span> <span class='ocrx_word' id='word_1_71' title='bbox 1001 1166 1175 1220; x_wconf 88' lang='lat' dir='ltr'><strong>neque</strong></span> <span class='ocrx_word' id='word_1_72' title='bbox 1220 1154 1474 1206; x_wconf 88' lang='lat' dir='ltr'><strong>sensilem</strong></span> <span class='ocrx_word' id='word_1_73' title='bbox 1516 1160 1888 1210; x_wconf 83' lang='lat' dir='ltr'><strong>tantummodo</strong></span> <span class='ocrx_word' id='word_1_74' title='bbox 1923 1159 2086 1210; x_wconf 81' lang='lat' dir='ltr'><strong>vitam</strong></span> <span class='ocrx_word' id='word_1_75' title='bbox 2124 1159 2340 1216; x_wconf 87' lang='lat' dir='ltr'><strong>ducere.</strong></span> 
     </span>
    </p>
   </div>
   <div class='ocr_carea' id='block_1_12' title="bbox 794 1237 2343 1318">
    <p class='ocr_par' dir='ltr' id='par_1_12' title="bbox 794 1237 2343 1318">
     <span class='ocr_line' id='line_1_12' title="bbox 794 1237 2343 1318; baseline 0.007 -27"><span class='ocrx_word' id='word_1_76' title='bbox 794 1237 924 1292; x_wconf 84' lang='lat' dir='ltr'><strong>Nam</strong></span> <span class='ocrx_word' id='word_1_77' title='bbox 959 1257 1026 1309; x_wconf 91' lang='lat' dir='ltr'><strong>qu</strong></span> <span class='ocrx_word' id='word_1_78' title='bbox 1064 1243 1208 1311; x_wconf 81' lang='lat' dir='ltr'><strong>squis</strong></span> <span class='ocrx_word' id='word_1_79' title='bbox 1241 1243 1295 1295; x_wconf 92' lang='lat' dir='ltr'><strong>id</strong></span> <span class='ocrx_word' id='word_1_80' title='bbox 1324 1245 1710 1314; x_wconf 75' lang='lat' dir='ltr'><strong>consequitur,</strong></span> <span class='ocrx_word' id='word_1_81' title='bbox 1744 1248 1938 1300; x_wconf 85' lang='lat' dir='ltr'><strong>bonam</strong></span> <span class='ocrx_word' id='word_1_82' title='bbox 1973 1249 2234 1318; x_wconf 78' lang='lat' dir='ltr'><strong>transiget</strong></span> <span class='ocrx_word' id='word_1_83' title='bbox 2264 1251 2343 1302; x_wconf 81' lang='lat' dir='ltr'><strong>vi-</strong></span> 
     </span>
    </p>
   </div>
   <div class='ocr_carea' id='block_1_13' title="bbox 762 1333 2340 1408">
    <p class='ocr_par' dir='ltr' id='par_1_13' title="bbox 762 1333 2340 1408">
     <span class='ocr_line' id='line_1_13' title="bbox 762 1333 2340 1408; baseline 0.008 -28"><span class='ocrx_word' id='word_1_84' title='bbox 762 1347 764 1349; x_wconf 52' lang='lat'><strong><em>&#39;</em></strong></span> <span class='ocrx_word' id='word_1_85' title='bbox 793 1339 933 1395; x_wconf 86' lang='lat' dir='ltr'><strong>tam;</strong></span> <span class='ocrx_word' id='word_1_86' title='bbox 966 1333 1037 1384; x_wconf 84' lang='lat' dir='ltr'><strong>ita</strong></span> <span class='ocrx_word' id='word_1_87' title='bbox 1088 1343 1147 1385; x_wconf 84' lang='lat' dir='ltr'><strong>ut</strong></span> <span class='ocrx_word' id='word_1_88' title='bbox 1168 1334 1464 1387; x_wconf 65' lang='lat' dir='ltr'><strong>‘cuslodiat</strong></span> <span class='ocrx_word' id='word_1_89' title='bbox 1517 1338 1822 1391; x_wconf 88' lang='lat' dir='ltr'><strong>testimonia</strong></span> <span class='ocrx_word' id='word_1_90' title='bbox 1855 1338 1966 1390; x_wconf 92' lang='lat' dir='ltr'><strong>oris</strong></span> <span class='ocrx_word' id='word_1_91' title='bbox 1997 1337 2090 1391; x_wconf 88' lang='lat' dir='ltr'><strong>Dei</strong></span> <span class='ocrx_word' id='word_1_92' title='bbox 2128 1354 2282 1408; x_wconf 79' lang='lat' dir='ltr'><strong>:qu:e</strong></span> <span class='ocrx_word' id='word_1_93' title='bbox 2311 1355 2340 1392; x_wconf 88' lang='lat' dir='ltr'><strong>a</strong></span> 
     </span>
    </p>
   </div>
   <div class='ocr_carea' id='block_1_14' title="bbox 792 1419 2340 1494">
    <p class='ocr_par' dir='ltr' id='par_1_14' title="bbox 792 1419 2340 1494">
     <span class='ocr_line' id='line_1_14' title="bbox 792 1419 2340 1494; baseline 0.009 -24"><span class='ocrx_word' id='word_1_94' title='bbox 792 1419 969 1476; x_wconf 73' lang='lat' dir='ltr'><strong>Verbo</strong></span> <span class='ocrx_word' id='word_1_95' title='bbox 997 1422 1122 1487; x_wconf 70' lang='lat' dir='ltr'><strong>Dei,</strong></span> <span class='ocrx_word' id='word_1_96' title='bbox 1141 1425 1286 1494; x_wconf 83' lang='lat' dir='ltr'><strong>quod</strong></span> <span class='ocrx_word' id='word_1_97' title='bbox 1313 1425 1524 1494; x_wconf 80' lang='lat' dir='ltr'><strong>os&#39;ejus</strong></span> <span class='ocrx_word' id='word_1_98' title='bbox 1549 1443 1672 1484; x_wconf 86' lang='lat' dir='ltr'><strong>esse</strong></span> <span class='ocrx_word' id='word_1_99' title='bbox 1705 1428 1841 1492; x_wconf 79' lang='lat' dir='ltr'><strong>dixi,</strong></span> <span class='ocrx_word' id='word_1_100' title='bbox 1871 1429 2181 1484; x_wconf 87' lang='lat' dir='ltr'><strong>testimonio</strong></span> <span class='ocrx_word' id='word_1_101' title='bbox 2211 1445 2340 1484; x_wconf 89' lang='lat' dir='ltr'><strong>con-</strong></span> 
     </span>
    </p>
   </div>
   <div class='ocr_carea' id='block_1_15' title="bbox 791 1513 1560 1572">
    <p class='ocr_par' dir='ltr' id='par_1_15' title="bbox 791 1513 1560 1572">
     <span class='ocr_line' id='line_1_15' title="bbox 791 1513 1560 1572; baseline 0.007 -8"><span class='ocrx_word' id='word_1_102' title='bbox 791 1513 999 1568; x_wconf 84' lang='lat' dir='ltr'><strong>tirmata</strong></span> <span class='ocrx_word' id='word_1_103' title='bbox 1027 1522 1081 1569; x_wconf 88' lang='lat' dir='ltr'><strong>et</strong></span> <span class='ocrx_word' id='word_1_104' title='bbox 1113 1515 1387 1570; x_wconf 89' lang='lat' dir='ltr'><strong>declarata</strong></span> <span class='ocrx_word' id='word_1_105' title='bbox 1412 1526 1560 1572; x_wconf 88' lang='lat' dir='ltr'><strong>sunt.</strong></span> 
     </span>
    </p>
   </div>
   <div class='ocr_carea' id='block_1_16' title="bbox 861 1692 2336 1762">
    <p class='ocr_par' dir='ltr' id='par_1_16' title="bbox 861 1692 2336 1762">
     <span class='ocr_line' id='line_1_16' title="bbox 861 1692 2336 1762; baseline 0.005 -16"><span class='ocrx_word' id='word_1_106' title='bbox 861 1692 1026 1747; x_wconf 72' lang='lat' dir='ltr'><strong>\Ens.</strong></span> <span class='ocrx_word' id='word_1_107' title='bbox 1058 1693 1245 1748; x_wconf 87' lang='lat' dir='ltr'><strong>89-9l.</strong></span> <span class='ocrx_word' id='word_1_108' title='bbox 1268 1693 1334 1747; x_wconf 88' lang='lat' dir='ltr'><strong>In</strong></span> <span class='ocrx_word' id='word_1_109' title='bbox 1362 1705 1635 1759; x_wconf 69' lang='lat' dir='ltr'><strong>aeternum,</strong></span> <span class='ocrx_word' id='word_1_110' title='bbox 1669 1696 1908 1762; x_wconf 83' lang='lat' dir='ltr'><strong>Domine,</strong></span> <span class='ocrx_word' id='word_1_111' title='bbox 1941 1702 2147 1752; x_wconf 82' lang='lat' dir='ltr'><strong>verbum</strong></span> <span class='ocrx_word' id='word_1_112' title='bbox 2193 1712 2336 1754; x_wconf 81' lang='lat' dir='ltr'><strong>tuum</strong></span> 
     </span>
    </p>
   </div>
   <div class='ocr_carea' id='block_1_17' title="bbox 786 1781 2334 1858">
    <p class='ocr_par' dir='ltr' id='par_1_17' title="bbox 786 1781 2334 1858">
     <span class='ocr_line' id='line_1_17' title="bbox 786 1781 2334 1858; baseline 0.006 -24"><span class='ocrx_word' id='word_1_113' title='bbox 786 1793 1048 1850; x_wconf 81' lang='lat' dir='ltr'><strong>permanet</strong></span> <span class='ocrx_word' id='word_1_114' title='bbox 1079 1785 1133 1836; x_wconf 89' lang='lat' dir='ltr'><strong>in</strong></span> <span class='ocrx_word' id='word_1_115' title='bbox 1162 1785 1309 1840; x_wconf 74' lang='lat' dir='ltr'><strong>cazlo.</strong></span> <span class='ocrx_word' id='word_1_116' title='bbox 1351 1784 1414 1838; x_wconf 81' lang='lat' dir='ltr'><strong>In</strong></span> <span class='ocrx_word' id='word_1_117' title='bbox 1440 1789 1823 1855; x_wconf 73' lang='lat' dir='ltr'><strong>generationem</strong></span> <span class='ocrx_word' id='word_1_118' title='bbox 1865 1801 1911 1842; x_wconf 89' lang='lat' dir='ltr'><strong>et</strong></span> <span class='ocrx_word' id='word_1_119' title='bbox 1955 1781 2334 1858; x_wconf 80' lang='lat' dir='ltr'><strong>generationem</strong></span> 
     </span>
    </p>
   </div>
   <div class='ocr_carea' id='block_1_18' title="bbox 789 1875 2335 1947">
    <p class='ocr_par' dir='ltr' id='par_1_18' title="bbox 789 1875 2335 1947">
     <span class='ocr_line' id='line_1_18' title="bbox 789 1875 2335 1947; baseline 0.005 -20"><span class='ocrx_word' id='word_1_120' title='bbox 789 1877 977 1929; x_wconf 69' lang='lat' dir='ltr'><strong>veritas</strong></span> <span class='ocrx_word' id='word_1_121' title='bbox 1008 1885 1116 1940; x_wconf 87' lang='lat' dir='ltr'><strong>tua,</strong></span> <span class='ocrx_word' id='word_1_122' title='bbox 1143 1877 1378 1942; x_wconf 75' lang='lat' dir='ltr'><strong>fundasti</strong></span> <span class='ocrx_word' id='word_1_123' title='bbox 1398 1889 1610 1942; x_wconf 87' lang='lat' dir='ltr'><strong>terram,</strong></span> <span class='ocrx_word' id='word_1_124' title='bbox 1639 1889 1686 1932; x_wconf 88' lang='lat' dir='ltr'><strong>et</strong></span> <span class='ocrx_word' id='word_1_125' title='bbox 1714 1875 1999 1947; x_wconf 86' lang='lat' dir='ltr'><strong>permanet.</strong></span> <span class='ocrx_word' id='word_1_126' title='bbox 2029 1881 2335 1935; x_wconf 84' lang='lat' dir='ltr'><strong>Ordinatio-</strong></span> 
     </span>
    </p>
   </div>
   <div class='ocr_carea' id='block_1_19' title="bbox 2452 709 3999 782">
    <p class='ocr_par' dir='ltr' id='par_1_19' title="bbox 2452 709 3999 782">
     <span class='ocr_line' id='line_1_19' title="bbox 2452 709 3999 782; baseline 0.007 -23"><span class='ocrx_word' id='word_1_127' title='bbox 2452 711 2486 760; x_wconf 84' lang='grc' dir='ltr'><strong>ό</strong></span> <span class='ocrx_word' id='word_1_128' title='bbox 2515 709 2695 774; x_wconf 77' lang='grc' dir='ltr'>νόμος</span> <span class='ocrx_word' id='word_1_129' title='bbox 2721 726 2857 774; x_wconf 82' lang='grc' dir='ltr'>σου,</span> <span class='ocrx_word' id='word_1_130' title='bbox 2900 713 3094 778; x_wconf 80' lang='grc' dir='ltr'>Κύριε.</span> <span class='ocrx_word' id='word_1_131' title='bbox 3128 712 3320 767; x_wconf 81' lang='grc' dir='ltr'><strong>Πᾶσαι</strong></span> <span class='ocrx_word' id='word_1_132' title='bbox 3358 717 3416 766; x_wconf 80' lang='grc' dir='ltr'>αὶ</span> <span class='ocrx_word' id='word_1_133' title='bbox 3453 714 3690 768; x_wconf 57' lang='lat' dir='ltr'><strong>ert/0.2a!</strong></span> <span class='ocrx_word' id='word_1_134' title='bbox 3720 728 3834 768; x_wconf 82' lang='grc' dir='ltr'>σου</span> <span class='ocrx_word' id='word_1_135' title='bbox 3857 714 3999 782; x_wconf 69' lang='grc' dir='ltr'><strong>ἀλή-</strong></span> 
     </span>
    </p>
   </div>
   <div class='ocr_carea' id='block_1_20' title="bbox 2451 798 3995 872">
    <p class='ocr_par' dir='ltr' id='par_1_20' title="bbox 2451 798 3995 872">
     <span class='ocr_line' id='line_1_20' title="bbox 2451 798 3995 872; baseline 0.005 -22"><span class='ocrx_word' id='word_1_136' title='bbox 2451 799 2593 859; x_wconf 86' lang='grc' dir='ltr'>θεια,</span> <span class='ocrx_word' id='word_1_137' title='bbox 2620 798 2835 865; x_wconf 76' lang='grc' dir='ltr'>ἀδίκως</span> <span class='ocrx_word' id='word_1_138' title='bbox 2860 801 3220 866; x_wconf 72' lang='grc' dir='ltr'>κατεδίωξαν</span> <span class='ocrx_word' id='word_1_139' title='bbox 3239 820 3334 870; x_wconf 83' lang='grc' dir='ltr'><strong>με,</strong></span> <span class='ocrx_word' id='word_1_140' title='bbox 3355 804 3670 870; x_wconf 73' lang='grc' dir='ltr'>,βοήθησόν</span> <span class='ocrx_word' id='word_1_141' title='bbox 3690 822 3803 872; x_wconf 87' lang='grc' dir='ltr'>μοι.</span> <span class='ocrx_word' id='word_1_142' title='bbox 3831 809 3995 872; x_wconf 79' lang='grc' dir='ltr'><strong>Παρά</strong></span> 
     </span>
    </p>
   </div>
   <div class='ocr_carea' id='block_1_21' title="bbox 2443 889 3993 964">
    <p class='ocr_par' dir='ltr' id='par_1_21' title="bbox 2443 889 3993 964">
     <span class='ocr_line' id='line_1_21' title="bbox 2443 889 3993 964; baseline 0.004 -22"><span class='ocrx_word' id='word_1_143' title='bbox 2443 889 2640 956; x_wconf 82' lang='grc' dir='ltr'>,βραχὺ</span> <span class='ocrx_word' id='word_1_144' title='bbox 2667 891 2950 944; x_wconf 73' lang='grc' dir='ltr'>ἐτέλεσαν</span> <span class='ocrx_word' id='word_1_145' title='bbox 2971 909 3046 960; x_wconf 84' lang='grc' dir='ltr'><strong>με</strong></span> <span class='ocrx_word' id='word_1_146' title='bbox 3069 893 3136 944; x_wconf 79' lang='grc' dir='ltr'><strong>ἐν</strong></span> <span class='ocrx_word' id='word_1_147' title='bbox 3160 892 3235 960; x_wconf 79' lang='grc' dir='ltr'>τῇ</span> <span class='ocrx_word' id='word_1_148' title='bbox 3271 892 3347 961; x_wconf 77' lang='grc' dir='ltr'><strong>τῇ</strong></span> <span class='ocrx_word' id='word_1_149' title='bbox 3363 911 3376 925; x_wconf 74' lang='grc' dir='ltr'><strong>ο</strong></span> <span class='ocrx_word' id='word_1_150' title='bbox 3410 894 3522 963; x_wconf 75' lang='grc' dir='ltr'><strong>ἐγὼ</strong></span> <span class='ocrx_word' id='word_1_151' title='bbox 3560 895 3627 946; x_wconf 82' lang='grc' dir='ltr'>δὲ</span> <span class='ocrx_word' id='word_1_152' title='bbox 3655 897 3765 949; x_wconf 82' lang='grc' dir='ltr'>οὐκ</span> <span class='ocrx_word' id='word_1_153' title='bbox 3793 896 3993 964; x_wconf 76' lang='grc' dir='ltr'>ἐγκατ-</span> 
     </span>
    </p>
   </div>
   <div class='ocr_carea' id='block_1_22' title="bbox 2447 978 3988 1050">
    <p class='ocr_par' dir='ltr' id='par_1_22' title="bbox 2447 978 3988 1050">
     <span class='ocr_line' id='line_1_22' title="bbox 2447 978 3988 1050; baseline 0.005 -19"><span class='ocrx_word' id='word_1_154' title='bbox 2447 978 2658 1033; x_wconf 66' lang='grc' dir='ltr'>έλιπον</span> <span class='ocrx_word' id='word_1_155' title='bbox 2723 981 2828 1046; x_wconf 81' lang='grc' dir='ltr'><strong>τὰς</strong></span> <span class='ocrx_word' id='word_1_156' title='bbox 2881 982 3130 1048; x_wconf 72' lang='grc' dir='ltr'>ἐντολάς</span> <span class='ocrx_word' id='word_1_157' title='bbox 3177 997 3313 1037; x_wconf 86' lang='grc' dir='ltr'>σου.</span> <span class='ocrx_word' id='word_1_158' title='bbox 3369 985 3526 1038; x_wconf 84' lang='grc' dir='ltr'><strong>Κατὰ</strong></span> <span class='ocrx_word' id='word_1_159' title='bbox 3563 985 3625 1038; x_wconf 88' lang='grc' dir='ltr'>τὸ</span> <span class='ocrx_word' id='word_1_160' title='bbox 3669 986 3837 1050; x_wconf 71' lang='grc' dir='ltr'>ἔλεός</span> <span class='ocrx_word' id='word_1_161' title='bbox 3873 1001 3988 1039; x_wconf 88' lang='grc' dir='ltr'><strong>σου</strong></span> 
     </span>
    </p>
   </div>
   <div class='ocr_carea' id='block_1_23' title="bbox 2449 1066 3991 1141">
    <p class='ocr_par' dir='ltr' id='par_1_23' title="bbox 2449 1066 3991 1141">
     <span class='ocr_line' id='line_1_23' title="bbox 2449 1066 3991 1141; baseline -0.001 -15"><span class='ocrx_word' id='word_1_162' title='bbox 2449 1066 2632 1134; x_wconf 74' lang='grc' dir='ltr'>ζῆσόν</span> <span class='ocrx_word' id='word_1_163' title='bbox 2679 1087 2774 1136; x_wconf 86' lang='grc' dir='ltr'><strong>με,</strong></span> <span class='ocrx_word' id='word_1_164' title='bbox 2811 1069 2909 1123; x_wconf 74' lang='grc' dir='ltr'>καὶ</span> <span class='ocrx_word' id='word_1_165' title='bbox 2953 1071 3201 1138; x_wconf 74' lang='grc' dir='ltr'><strong>φυλάξω</strong></span> <span class='ocrx_word' id='word_1_166' title='bbox 3262 1074 3332 1127; x_wconf 80' lang='grc' dir='ltr'>τὰ</span> <span class='ocrx_word' id='word_1_167' title='bbox 3371 1075 3657 1141; x_wconf 80' lang='grc' dir='ltr'>μαρτύρια</span> <span class='ocrx_word' id='word_1_168' title='bbox 3702 1073 3806 1127; x_wconf 83' lang='grc' dir='ltr'><strong>τοῦ</strong></span> <span class='ocrx_word' id='word_1_169' title='bbox 3852 1075 3991 1127; x_wconf 87' lang='grc' dir='ltr'>στό-</span> 
     </span>
    </p>
   </div>
   <div class='ocr_carea' id='block_1_24' title="bbox 2441 1161 3992 1236">
    <p class='ocr_par' dir='ltr' id='par_1_24' title="bbox 2441 1161 3992 1236">
     <span class='ocr_line' id='line_1_24' title="bbox 2441 1161 3992 1236; baseline 0.005 -27"><span class='ocrx_word' id='word_1_170' title='bbox 2441 1161 2627 1226; x_wconf 82' lang='grc' dir='ltr'>ματός</span> <span class='ocrx_word' id='word_1_171' title='bbox 2680 1176 2814 1213; x_wconf 83' lang='grc' dir='ltr'>σου.</span> <span class='ocrx_word' id='word_1_172' title='bbox 2865 1161 2938 1213; x_wconf 87' lang='grc' dir='ltr'><strong>Τὸ</strong></span> <span class='ocrx_word' id='word_1_173' title='bbox 2982 1161 3122 1214; x_wconf 81' lang='grc' dir='ltr'>κατὰ</span> <span class='ocrx_word' id='word_1_174' title='bbox 3167 1163 3228 1215; x_wconf 85' lang='grc' dir='ltr'><strong>τὸ</strong></span> <span class='ocrx_word' id='word_1_175' title='bbox 3268 1163 3443 1231; x_wconf 84' lang='grc' dir='ltr'>λόγιον</span> <span class='ocrx_word' id='word_1_176' title='bbox 3481 1164 3574 1224; x_wconf 87' lang='grc' dir='ltr'><strong>τοῦ</strong></span> <span class='ocrx_word' id='word_1_177' title='bbox 3627 1163 3759 1218; x_wconf 82' lang='grc' dir='ltr'><strong>Θεοῦ</strong></span> <span class='ocrx_word' id='word_1_178' title='bbox 3790 1163 3888 1236; x_wconf 80' lang='grc' dir='ltr'><strong>ζῇν</strong></span> <span class='ocrx_word' id='word_1_179' title='bbox 3931 1164 3992 1218; x_wconf 78' lang='grc' dir='ltr'><strong>τὸ</strong></span> 
     </span>
    </p>
   </div>
   <div class='ocr_carea' id='block_1_25' title="bbox 2448 1241 3990 1327">
    <p class='ocr_par' dir='ltr' id='par_1_25' title="bbox 2448 1241 3990 1327">
     <span class='ocr_line' id='line_1_25' title="bbox 2448 1241 3990 1327; baseline 0.003 -26"><span class='ocrx_word' id='word_1_180' title='bbox 2448 1251 2541 1302; x_wconf 83' lang='grc' dir='ltr'><strong>σὺν</strong></span> <span class='ocrx_word' id='word_1_181' title='bbox 2567 1251 2817 1321; x_wconf 74' lang='grc' dir='ltr'>εὐσεϐείᾳ</span> <span class='ocrx_word' id='word_1_182' title='bbox 2848 1252 2944 1322; x_wconf 78' lang='grc' dir='ltr'><strong>ζῇν</strong></span> <span class='ocrx_word' id='word_1_183' title='bbox 3000 1254 3167 1317; x_wconf 74' lang='grc' dir='ltr'>ἐστιν,</span> <span class='ocrx_word' id='word_1_184' title='bbox 3215 1256 3312 1323; x_wconf 86' lang='grc' dir='ltr'><strong>οὺχ</strong></span> <span class='ocrx_word' id='word_1_185' title='bbox 3361 1255 3545 1317; x_wconf 81' lang='grc' dir='ltr'>ἁπλῶς</span> <span class='ocrx_word' id='word_1_186' title='bbox 3591 1241 3990 1327; x_wconf 66' lang='grc' dir='ltr'>τὴνάίσθητὴν</span> 
     </span>
    </p>
   </div>
   <div class='ocr_carea' id='block_1_26' title="bbox 2443 1339 3987 1416">
    <p class='ocr_par' dir='ltr' id='par_1_26' title="bbox 2443 1339 3987 1416">
     <span class='ocr_line' id='line_1_26' title="bbox 2443 1339 3987 1416; baseline 0.005 -26"><span class='ocrx_word' id='word_1_187' title='bbox 2443 1339 2643 1411; x_wconf 83' lang='grc' dir='ltr'>ταύτην</span> <span class='ocrx_word' id='word_1_188' title='bbox 2676 1340 2838 1412; x_wconf 80' lang='grc' dir='ltr'>ζωήν.</span> <span class='ocrx_word' id='word_1_189' title='bbox 2891 1343 3090 1396; x_wconf 85' lang='grc' dir='ltr'>Τούτου</span> <span class='ocrx_word' id='word_1_190' title='bbox 3125 1342 3232 1415; x_wconf 87' lang='grc' dir='ltr'>γὰρ</span> <span class='ocrx_word' id='word_1_191' title='bbox 3265 1345 3463 1413; x_wconf 87' lang='grc' dir='ltr'>τυχὼν,</span> <span class='ocrx_word' id='word_1_192' title='bbox 3503 1348 3560 1398; x_wconf 83' lang='grc' dir='ltr'>ὲν</span> <span class='ocrx_word' id='word_1_193' title='bbox 3586 1345 3783 1416; x_wconf 78' lang='grc' dir='ltr'>εὐζωῗᾳ</span> <span class='ocrx_word' id='word_1_194' title='bbox 3818 1345 3987 1407; x_wconf 79' lang='grc' dir='ltr'>ἔσται,</span> 
     </span>
    </p>
   </div>
   <div class='ocr_carea' id='block_1_27' title="bbox 2441 1429 3985 1506">
    <p class='ocr_par' dir='ltr' id='par_1_27' title="bbox 2441 1429 3985 1506">
     <span class='ocr_line' id='line_1_27' title="bbox 2441 1429 3985 1506; baseline 0.004 -25"><span class='ocrx_word' id='word_1_195' title='bbox 2441 1429 2515 1492; x_wconf 82' lang='grc' dir='ltr'><strong>ὡς</strong></span> <span class='ocrx_word' id='word_1_196' title='bbox 2545 1432 2832 1498; x_wconf 82' lang='grc' dir='ltr'><strong>φυλάσσειν</strong></span> <span class='ocrx_word' id='word_1_197' title='bbox 2865 1435 2934 1486; x_wconf 85' lang='grc' dir='ltr'>τὰ</span> <span class='ocrx_word' id='word_1_198' title='bbox 2969 1435 3242 1505; x_wconf 87' lang='grc' dir='ltr'>μαρτύρια</span> <span class='ocrx_word' id='word_1_199' title='bbox 3272 1435 3362 1487; x_wconf 90' lang='grc' dir='ltr'><strong>τοῦ</strong></span> <span class='ocrx_word' id='word_1_200' title='bbox 3410 1436 3672 1506; x_wconf 81' lang='grc' dir='ltr'>στόματος</span> <span class='ocrx_word' id='word_1_201' title='bbox 3706 1434 3800 1488; x_wconf 91' lang='grc' dir='ltr'><strong>τοῦ</strong></span> <span class='ocrx_word' id='word_1_202' title='bbox 3833 1434 3985 1499; x_wconf 91' lang='grc' dir='ltr'>Θεοῦ,</span> 
     </span>
    </p>
   </div>
   <div class='ocr_carea' id='block_1_28' title="bbox 2444 1523 3983 1595">
    <p class='ocr_par' dir='ltr' id='par_1_28' title="bbox 2444 1523 3983 1595">
     <span class='ocr_line' id='line_1_28' title="bbox 2444 1523 3983 1595; baseline 0.005 -24"><span class='ocrx_word' id='word_1_203' title='bbox 2444 1523 2850 1594; x_wconf 79' lang='grc' dir='ltr'>μαρτυρηθέντα</span> <span class='ocrx_word' id='word_1_204' title='bbox 2873 1527 2963 1578; x_wconf 77' lang='grc' dir='ltr'>καὶ</span> <span class='ocrx_word' id='word_1_205' title='bbox 2988 1526 3368 1595; x_wconf 81' lang='grc' dir='ltr'><strong>ἀποδειχθέντα</strong></span> <span class='ocrx_word' id='word_1_206' title='bbox 3393 1526 3495 1585; x_wconf 77' lang='grc' dir='ltr'><strong>ὑπὸ</strong></span> <span class='ocrx_word' id='word_1_207' title='bbox 3519 1527 3689 1595; x_wconf 83' lang='grc' dir='ltr'>Λόγου</span> <span class='ocrx_word' id='word_1_208' title='bbox 3714 1526 3805 1580; x_wconf 90' lang='grc' dir='ltr'><strong>τοῦ</strong></span> <span class='ocrx_word' id='word_1_209' title='bbox 3830 1524 3983 1587; x_wconf 88' lang='grc' dir='ltr'>Θεοῦ,</span> 
     </span>
    </p>
   </div>
   <div class='ocr_carea' id='block_1_29' title="bbox 2439 1603 3263 1684">
    <p class='ocr_par' dir='ltr' id='par_1_29' title="bbox 2439 1603 3263 1684">
     <span class='ocr_line' id='line_1_29' title="bbox 2439 1603 3263 1684; baseline 0.005 -20"><span class='ocrx_word' id='word_1_210' title='bbox 2439 1603 2500 1664; x_wconf 80' lang='grc' dir='ltr'><strong>οῦ</strong></span> <span class='ocrx_word' id='word_1_211' title='bbox 2532 1607 2684 1666; x_wconf 88' lang='grc' dir='ltr'>εἷπον</span> <span class='ocrx_word' id='word_1_212' title='bbox 2715 1614 2875 1667; x_wconf 86' lang='grc' dir='ltr'>αὐτοῦ</span> <span class='ocrx_word' id='word_1_213' title='bbox 2911 1615 3080 1684; x_wconf 85' lang='grc' dir='ltr'><strong>στόμα</strong></span> <span class='ocrx_word' id='word_1_214' title='bbox 3106 1611 3263 1670; x_wconf 78' lang='grc' dir='ltr'>εἶναι.</span> 
     </span>
    </p>
   </div>
   <div class='ocr_carea' id='block_1_30' title="bbox 2508 1701 3984 1773">
    <p class='ocr_par' dir='ltr' id='par_1_30' title="bbox 2508 1701 3984 1773">
     <span class='ocr_line' id='line_1_30' title="bbox 2508 1701 3984 1773; baseline 0.008 -21"><span class='ocrx_word' id='word_1_215' title='bbox 2508 1703 2612 1765; x_wconf 80' lang='grc' dir='ltr'><strong>Εἰς</strong></span> <span class='ocrx_word' id='word_1_216' title='bbox 2651 1701 2764 1754; x_wconf 80' lang='grc' dir='ltr'><strong>τὸν</strong></span> <span class='ocrx_word' id='word_1_217' title='bbox 2787 1702 2990 1765; x_wconf 74' lang='grc' dir='ltr'>αἰῶνα,</span> <span class='ocrx_word' id='word_1_218' title='bbox 3049 1705 3244 1770; x_wconf 84' lang='grc' dir='ltr'>Κύριε,</span> <span class='ocrx_word' id='word_1_219' title='bbox 3288 1708 3321 1757; x_wconf 81' lang='grc' dir='ltr'><em>ὀ</em></span> <span class='ocrx_word' id='word_1_220' title='bbox 3354 1705 3533 1773; x_wconf 74' lang='grc' dir='ltr'>λόγος</span> <span class='ocrx_word' id='word_1_221' title='bbox 3581 1723 3696 1760; x_wconf 88' lang='grc' dir='ltr'><strong>σου</strong></span> <span class='ocrx_word' id='word_1_222' title='bbox 3729 1702 3984 1772; x_wconf 72' lang='grc' dir='ltr'>διαμένει</span> 
     </span>
    </p>
   </div>
   <div class='ocr_carea' id='block_1_31' title="bbox 2437 1789 3982 1863">
    <p class='ocr_par' dir='ltr' id='par_1_31' title="bbox 2437 1789 3982 1863">
     <span class='ocr_line' id='line_1_31' title="bbox 2437 1789 3982 1863; baseline 0.003 -22"><span class='ocrx_word' id='word_1_223' title='bbox 2437 1789 2505 1841; x_wconf 77' lang='grc' dir='ltr'>ὲν</span> <span class='ocrx_word' id='word_1_224' title='bbox 2515 1790 2593 1855; x_wconf 84' lang='grc' dir='ltr'>τῷ</span> <span class='ocrx_word' id='word_1_225' title='bbox 2607 1792 2965 1859; x_wconf 80' lang='grc' dir='ltr'><strong>οὐρανῷ.Είς</strong></span> <span class='ocrx_word' id='word_1_226' title='bbox 2979 1794 3187 1861; x_wconf 78' lang='grc' dir='ltr'>γενεὰν</span> <span class='ocrx_word' id='word_1_227' title='bbox 3201 1794 3294 1845; x_wconf 78' lang='grc' dir='ltr'><strong>καί</strong></span> <span class='ocrx_word' id='word_1_228' title='bbox 3315 1794 3522 1863; x_wconf 79' lang='grc' dir='ltr'>γενεὰν</span> <span class='ocrx_word' id='word_1_229' title='bbox 3537 1796 3575 1861; x_wconf 80' lang='grc' dir='ltr'><strong><em>ἡ</em></strong></span> <span class='ocrx_word' id='word_1_230' title='bbox 3588 1792 3831 1862; x_wconf 77' lang='grc' dir='ltr'><strong>ἀλήθειά</strong></span> <span class='ocrx_word' id='word_1_231' title='bbox 3846 1806 3982 1855; x_wconf 80' lang='grc' dir='ltr'>σου,</span> 
     </span>
    </p>
   </div>
   <div class='ocr_carea' id='block_1_32' title="bbox 2436 1880 3984 1953">
    <p class='ocr_par' dir='ltr' id='par_1_32' title="bbox 2436 1880 3984 1953">
     <span class='ocr_line' id='line_1_32' title="bbox 2436 1880 3984 1953; baseline 0.002 -22"><span class='ocrx_word' id='word_1_232' title='bbox 2436 1880 2829 1948; x_wconf 68' lang='grc' dir='ltr'>ἐθεμελίωσας</span> <span class='ocrx_word' id='word_1_233' title='bbox 2860 1885 2972 1951; x_wconf 81' lang='grc' dir='ltr'><strong>τὴν</strong></span> <span class='ocrx_word' id='word_1_234' title='bbox 3004 1883 3138 1952; x_wconf 71' lang='grc' dir='ltr'>γῆν,</span> <span class='ocrx_word' id='word_1_235' title='bbox 3163 1884 3261 1936; x_wconf 77' lang='grc' dir='ltr'>καὶ</span> <span class='ocrx_word' id='word_1_236' title='bbox 3299 1883 3573 1953; x_wconf 80' lang='grc' dir='ltr'>διαμένει.</span> <span class='ocrx_word' id='word_1_237' title='bbox 3615 1883 3699 1950; x_wconf 76' lang='grc' dir='ltr'><strong>Τῇ.</strong></span> <span class='ocrx_word' id='word_1_238' title='bbox 3725 1882 3984 1947; x_wconf 77' lang='grc' dir='ltr'><strong>διατάξει</strong></span> 
     </span>
    </p>
   </div>
   <div class='ocr_carea' id='block_1_33' title="bbox 789 1964 2494 2040">
    <p class='ocr_par' dir='ltr' id='par_1_33' title="bbox 789 1964 2494 2037">
     <span class='ocr_line' id='line_1_33' title="bbox 789 1964 2494 2037; baseline 0.004 -22"><span class='ocrx_word' id='word_1_239' title='bbox 789 1981 850 2017; x_wconf 85' lang='lat' dir='ltr'><strong>ne</strong></span> <span class='ocrx_word' id='word_1_240' title='bbox 880 1975 969 2018; x_wconf 88' lang='lat' dir='ltr'><strong>tua</strong></span> <span class='ocrx_word' id='word_1_241' title='bbox 998 1976 1290 2033; x_wconf 85' lang='lat' dir='ltr'><strong>perseverat</strong></span> <span class='ocrx_word' id='word_1_242' title='bbox 1322 1967 1454 2030; x_wconf 86' lang='lat' dir='ltr'><strong>dies,</strong></span> <span class='ocrx_word' id='word_1_243' title='bbox 1489 1972 1736 2037; x_wconf 86' lang='lat' dir='ltr'><strong>quoniam</strong></span> <span class='ocrx_word' id='word_1_244' title='bbox 1761 1973 1938 2024; x_wconf 80' lang='lat' dir='ltr'><strong>omnia</strong></span> <span class='ocrx_word' id='word_1_245' title='bbox 1962 1973 2189 2026; x_wconf 81' lang='lat' dir='ltr'><strong>serviunt</strong></span> <span class='ocrx_word' id='word_1_246' title='bbox 2221 1973 2328 2026; x_wconf 85' lang='lat' dir='ltr'><strong>tibi.</strong></span> <span class='ocrx_word' id='word_1_247' title='bbox 2365 1964 2406 2017; x_wconf 84' lang='grc' dir='ltr'><strong>Β</strong></span> <span class='ocrx_word' id='word_1_248' title='bbox 2434 1983 2494 2022; x_wconf 78' lang='grc' dir='ltr'><strong>σί</strong></span> 
     </span>
    </p>
   </div>
   <div class='ocr_carea' id='block_1_34' title="bbox 2274 1964 3979 2040">
    <p class='ocr_par' dir='ltr' id='par_1_34' title="bbox 2274 1964 3979 2040">
     <span class='ocr_line' id='line_1_34' title="bbox 2274 1964 3979 2040; baseline 0 -16"><span class='ocrx_word' id='word_1_249' title='bbox 2274 1973 2328 2026; x_wconf 68' lang='lat' dir='ltr'><strong>ii.</strong></span> <span class='ocrx_word' id='word_1_250' title='bbox 2365 1964 2406 2017; x_wconf 85' lang='grc' dir='ltr'><strong>Β</strong></span> <span class='ocrx_word' id='word_1_251' title='bbox 2434 1983 2549 2023; x_wconf 86' lang='grc' dir='ltr'>σου</span> <span class='ocrx_word' id='word_1_252' title='bbox 2584 1971 2838 2039; x_wconf 76' lang='grc' dir='ltr'>διαμένει</span> <span class='ocrx_word' id='word_1_253' title='bbox 2866 1972 3070 2040; x_wconf 76' lang='grc' dir='ltr'>ἡμέρα,</span> <span class='ocrx_word' id='word_1_254' title='bbox 3110 1971 3198 2025; x_wconf 86' lang='grc' dir='ltr'>ὅτι</span> <span class='ocrx_word' id='word_1_255' title='bbox 3228 1973 3301 2026; x_wconf 73' lang='grc' dir='ltr'>τὰ</span> <span class='ocrx_word' id='word_1_256' title='bbox 3323 1974 3638 2040; x_wconf 74' lang='grc' dir='ltr'>σύμπαντα</span> <span class='ocrx_word' id='word_1_257' title='bbox 3656 1972 3844 2026; x_wconf 76' lang='grc' dir='ltr'>δοῦλα</span> <span class='ocrx_word' id='word_1_258' title='bbox 3880 1972 3979 2024; x_wconf 77' lang='grc' dir='ltr'><strong>σά.</strong></span> 
     </span>
    </p>
   </div>
   <div class='ocr_carea' id='block_1_35' title="bbox 787 2055 2331 2134">
    <p class='ocr_par' dir='ltr' id='par_1_35' title="bbox 787 2055 2331 2134">
     <span class='ocr_line' id='line_1_35' title="bbox 787 2055 2331 2134; baseline 0.006 -25"><span class='ocrx_word' id='word_1_259' title='bbox 787 2055 1079 2112; x_wconf 72' lang='lat' dir='ltr'><strong>Veritatem</strong></span> <span class='ocrx_word' id='word_1_260' title='bbox 1112 2070 1289 2114; x_wconf 88' lang='lat' dir='ltr'><strong>autem</strong></span> <span class='ocrx_word' id='word_1_261' title='bbox 1332 2071 1489 2114; x_wconf 87' lang='lat' dir='ltr'><strong>vocat</strong></span> <span class='ocrx_word' id='word_1_262' title='bbox 1532 2062 1673 2116; x_wconf 89' lang='lat' dir='ltr'><strong>hanc</strong></span> <span class='ocrx_word' id='word_1_263' title='bbox 1705 2064 2142 2132; x_wconf 82' lang='lat' dir='ltr'><strong>promissionem,</strong></span> <span class='ocrx_word' id='word_1_264' title='bbox 2172 2081 2331 2134; x_wconf 88' lang='lat' dir='ltr'><strong>quam</strong></span> 
     </span>
    </p>
   </div>
   <div class='ocr_carea' id='block_1_36' title="bbox 787 2151 2336 2226">
    <p class='ocr_par' dir='ltr' id='par_1_36' title="bbox 787 2151 2336 2226">
     <span class='ocr_line' id='line_1_36' title="bbox 787 2151 2336 2226; baseline 0.005 -23"><span class='ocrx_word' id='word_1_265' title='bbox 787 2151 992 2206; x_wconf 79' lang='lat' dir='ltr'><strong>sciebat</strong></span> <span class='ocrx_word' id='word_1_266' title='bbox 1020 2153 1241 2206; x_wconf 86' lang='lat' dir='ltr'><strong>omnino</strong></span> <span class='ocrx_word' id='word_1_267' title='bbox 1267 2152 1502 2207; x_wconf 83' lang='lat' dir='ltr'><strong>futuram</strong></span> <span class='ocrx_word' id='word_1_268' title='bbox 1536 2155 1590 2206; x_wconf 91' lang='lat' dir='ltr'><strong>in</strong></span> <span class='ocrx_word' id='word_1_269' title='bbox 1620 2157 2014 2222; x_wconf 79' lang='lat' dir='ltr'><strong>generationem</strong></span> <span class='ocrx_word' id='word_1_270' title='bbox 2044 2165 2096 2210; x_wconf 88' lang='lat' dir='ltr'><strong>et</strong></span> <span class='ocrx_word' id='word_1_271' title='bbox 2118 2165 2336 2226; x_wconf 76' lang='lat' dir='ltr'><strong>genera-</strong></span> 
     </span>
    </p>
   </div>
   <div class='ocr_carea' id='block_1_37' title="bbox 786 2241 2332 2316">
    <p class='ocr_par' dir='ltr' id='par_1_37' title="bbox 786 2241 2332 2316">
     <span class='ocr_line' id='line_1_37' title="bbox 786 2241 2332 2316; baseline 0.005 -24"><span class='ocrx_word' id='word_1_272' title='bbox 786 2242 1006 2297; x_wconf 89' lang='lat' dir='ltr'><strong>tionem.</strong></span> <span class='ocrx_word' id='word_1_273' title='bbox 1059 2241 1119 2296; x_wconf 88' lang='lat' dir='ltr'><strong>ln</strong></span> <span class='ocrx_word' id='word_1_274' title='bbox 1163 2243 1392 2313; x_wconf 81' lang='lat' dir='ltr'><strong>singulis</strong></span> <span class='ocrx_word' id='word_1_275' title='bbox 1426 2245 1626 2313; x_wconf 85' lang='lat' dir='ltr'><strong>quippe</strong></span> <span class='ocrx_word' id='word_1_276' title='bbox 1673 2247 2114 2314; x_wconf 79' lang='lat' dir='ltr'><strong>generationibus</strong></span> <span class='ocrx_word' id='word_1_277' title='bbox 2157 2257 2332 2316; x_wconf 90' lang='lat' dir='ltr'><strong>partes</strong></span> 
     </span>
    </p>
   </div>
   <div class='ocr_carea' id='block_1_38' title="bbox 784 2334 2332 2405">
    <p class='ocr_par' dir='ltr' id='par_1_38' title="bbox 784 2334 2332 2405">
     <span class='ocr_line' id='line_1_38' title="bbox 784 2334 2332 2405; baseline 0.002 -17"><span class='ocrx_word' id='word_1_278' title='bbox 784 2334 1044 2402; x_wconf 84' lang='lat' dir='ltr'><strong>quasdam</strong></span> <span class='ocrx_word' id='word_1_279' title='bbox 1103 2336 1346 2389; x_wconf 81' lang='lat' dir='ltr'><strong>veritatis</strong></span> <span class='ocrx_word' id='word_1_280' title='bbox 1404 2336 1710 2390; x_wconf 84' lang='lat' dir='ltr'><strong>hominibus</strong></span> <span class='ocrx_word' id='word_1_281' title='bbox 1765 2338 1975 2400; x_wconf 89' lang='lat' dir='ltr'><strong>mittis,</strong></span> <span class='ocrx_word' id='word_1_282' title='bbox 2041 2352 2332 2405; x_wconf 89' lang='lat' dir='ltr'><strong>omnesque</strong></span> 
     </span>
    </p>
   </div>
   <div class='ocr_carea' id='block_1_39' title="bbox 785 2425 2326 2498">
    <p class='ocr_par' dir='ltr' id='par_1_39' title="bbox 785 2425 2326 2498">
     <span class='ocr_line' id='line_1_39' title="bbox 785 2425 2326 2498; baseline 0.003 -21"><span class='ocrx_word' id='word_1_283' title='bbox 785 2425 970 2479; x_wconf 92' lang='lat' dir='ltr'><strong>mundi</strong></span> <span class='ocrx_word' id='word_1_284' title='bbox 1006 2433 1207 2496; x_wconf 88' lang='lat' dir='ltr'><strong>partes,</strong></span> <span class='ocrx_word' id='word_1_285' title='bbox 1241 2433 1294 2481; x_wconf 90' lang='lat' dir='ltr'><strong>et</strong></span> <span class='ocrx_word' id='word_1_286' title='bbox 1339 2443 1402 2481; x_wconf 89' lang='lat' dir='ltr'><strong>ea</strong></span> <span class='ocrx_word' id='word_1_287' title='bbox 1451 2443 1570 2496; x_wconf 64' lang='lat' dir='ltr'><strong>quae</strong></span> <span class='ocrx_word' id='word_1_288' title='bbox 1623 2429 1752 2484; x_wconf 84' lang='lat' dir='ltr'><strong>sub</strong></span> <span class='ocrx_word' id='word_1_289' title='bbox 1783 2438 2059 2498; x_wconf 86' lang='lat' dir='ltr'><strong>aspectum</strong></span> <span class='ocrx_word' id='word_1_290' title='bbox 2105 2432 2326 2492; x_wconf 88' lang='lat' dir='ltr'><strong>cadunt,</strong></span> 
     </span>
    </p>
   </div>
   <div class='ocr_carea' id='block_1_40' title="bbox 782 2517 2330 2605">
    <p class='ocr_par' dir='ltr' id='par_1_40' title="bbox 782 2517 2330 2605">
     <span class='ocr_line' id='line_1_40' title="bbox 782 2517 2330 2605; baseline 0.004 -37"><span class='ocrx_word' id='word_1_291' title='bbox 782 2517 1125 2605; x_wconf 68' lang='lat' dir='ltr'><strong>ordinatione</strong></span> <span class='ocrx_word' id='word_1_292' title='bbox 1158 2525 1250 2572; x_wconf 85' lang='lat' dir='ltr'><strong>tua</strong></span> <span class='ocrx_word' id='word_1_293' title='bbox 1293 2526 1565 2582; x_wconf 87' lang='lat' dir='ltr'><strong>constant,</strong></span> <span class='ocrx_word' id='word_1_294' title='bbox 1600 2534 1710 2572; x_wconf 91' lang='lat' dir='ltr'><strong>non</strong></span> <span class='ocrx_word' id='word_1_295' title='bbox 1745 2534 1774 2573; x_wconf 90' lang='lat' dir='ltr'><strong>a</strong></span> <span class='ocrx_word' id='word_1_296' title='bbox 1795 2520 2041 2576; x_wconf 82' lang='lat' dir='ltr'><strong>terminis</strong></span> <span class='ocrx_word' id='word_1_297' title='bbox 2075 2521 2187 2575; x_wconf 90' lang='lat' dir='ltr'><strong>suis</strong></span> <span class='ocrx_word' id='word_1_298' title='bbox 2217 2537 2330 2575; x_wconf 90' lang='lat' dir='ltr'><strong>mo-</strong></span> 
     </span>
    </p>
   </div>
   <div class='ocr_carea' id='block_1_41' title="bbox 783 2610 2323 2680">
    <p class='ocr_par' dir='ltr' id='par_1_41' title="bbox 783 2610 2323 2680">
     <span class='ocr_line' id='line_1_41' title="bbox 783 2610 2323 2680; baseline 0.003 -19"><span class='ocrx_word' id='word_1_299' title='bbox 783 2619 857 2671; x_wconf 88' lang='lat' dir='ltr'><strong>ta,</strong></span> <span class='ocrx_word' id='word_1_300' title='bbox 922 2624 1098 2678; x_wconf 90' lang='lat' dir='ltr'><strong>neque</strong></span> <span class='ocrx_word' id='word_1_301' title='bbox 1147 2610 1252 2663; x_wconf 84' lang='lat' dir='ltr'><strong>sibi</strong></span> <span class='ocrx_word' id='word_1_302' title='bbox 1306 2616 1565 2663; x_wconf 87' lang='lat' dir='ltr'><strong>statutam</strong></span> <span class='ocrx_word' id='word_1_303' title='bbox 1617 2610 1788 2679; x_wconf 79' lang='lat' dir='ltr'><strong>legem</strong></span> <span class='ocrx_word' id='word_1_304' title='bbox 1852 2611 2323 2680; x_wconf 78' lang='lat' dir='ltr'><strong>transgredientia.</strong></span> 
     </span>
    </p>
   </div>
   <div class='ocr_carea' id='block_1_42' title="bbox 780 2699 2326 2770">
    <p class='ocr_par' dir='ltr' id='par_1_42' title="bbox 780 2699 2326 2770">
     <span class='ocr_line' id='line_1_42' title="bbox 780 2699 2326 2770; baseline 0.001 -16"><span class='ocrx_word' id='word_1_305' title='bbox 780 2700 956 2754; x_wconf 90' lang='lat' dir='ltr'><strong>Causa</strong></span> <span class='ocrx_word' id='word_1_306' title='bbox 987 2716 1113 2755; x_wconf 84' lang='lat' dir='ltr'><strong>vero</strong></span> <span class='ocrx_word' id='word_1_307' title='bbox 1139 2699 1332 2754; x_wconf 87' lang='lat' dir='ltr'><strong>horum</strong></span> <span class='ocrx_word' id='word_1_308' title='bbox 1364 2699 1604 2754; x_wconf 91' lang='lat' dir='ltr'><strong>omnium</strong></span> <span class='ocrx_word' id='word_1_309' title='bbox 1631 2700 2026 2770; x_wconf 88' lang='lat' dir='ltr'><strong>permansionis</strong></span> <span class='ocrx_word' id='word_1_310' title='bbox 2061 2709 2161 2766; x_wconf 90' lang='lat' dir='ltr'><strong>est,</strong></span> <span class='ocrx_word' id='word_1_311' title='bbox 2186 2703 2326 2769; x_wconf 90' lang='lat' dir='ltr'><strong>quod</strong></span> 
     </span>
    </p>
   </div>
   <div class='ocr_carea' id='block_1_43' title="bbox 780 2791 2324 2862">
    <p class='ocr_par' dir='ltr' id='par_1_43' title="bbox 780 2791 2324 2862">
     <span class='ocr_line' id='line_1_43' title="bbox 780 2791 2324 2862; baseline 0.001 -18"><span class='ocrx_word' id='word_1_312' title='bbox 780 2799 838 2845; x_wconf 90' lang='lat' dir='ltr'><strong>tu</strong></span> <span class='ocrx_word' id='word_1_313' title='bbox 867 2792 1016 2847; x_wconf 90' lang='lat' dir='ltr'><strong>solus</strong></span> <span class='ocrx_word' id='word_1_314' title='bbox 1055 2791 1314 2845; x_wconf 86' lang='lat' dir='ltr'><strong>Dominus</strong></span> <span class='ocrx_word' id='word_1_315' title='bbox 1351 2792 1424 2844; x_wconf 91' lang='lat' dir='ltr'><strong>sis</strong></span> <span class='ocrx_word' id='word_1_316' title='bbox 1470 2791 1875 2856; x_wconf 85' lang='lat' dir='ltr'><strong>universorum;</strong></span> <span class='ocrx_word' id='word_1_317' title='bbox 1911 2791 2116 2862; x_wconf 90' lang='lat' dir='ltr'><strong>reliqua</strong></span> <span class='ocrx_word' id='word_1_318' title='bbox 2149 2801 2324 2845; x_wconf 86' lang='lat' dir='ltr'><strong>autem</strong></span> 
     </span>
    </p>
   </div>
   <div class='ocr_carea' id='block_1_44' title="bbox 778 2883 2332 2953">
    <p class='ocr_par' dir='ltr' id='par_1_44' title="bbox 778 2883 2332 2953">
     <span class='ocr_line' id='line_1_44' title="bbox 778 2883 2332 2953; baseline 0.001 -17"><span class='ocrx_word' id='word_1_319' title='bbox 778 2883 959 2937; x_wconf 87' lang='lat' dir='ltr'><strong>omnia</strong></span> <span class='ocrx_word' id='word_1_320' title='bbox 994 2883 1090 2937; x_wconf 89' lang='lat' dir='ltr'><strong>tibi</strong></span> <span class='ocrx_word' id='word_1_321' title='bbox 1121 2884 1376 2949; x_wconf 84' lang='lat' dir='ltr'><strong>serviant,</strong></span> <span class='ocrx_word' id='word_1_322' title='bbox 1401 2898 1463 2936; x_wconf 88' lang='lat' dir='ltr'><strong>ac</strong></span> <span class='ocrx_word' id='word_1_323' title='bbox 1495 2890 1750 2953; x_wconf 87' lang='lat' dir='ltr'><strong>tanquam</strong></span> <span class='ocrx_word' id='word_1_324' title='bbox 1783 2885 2050 2952; x_wconf 84' lang='lat' dir='ltr'><strong>mancipia</strong></span> <span class='ocrx_word' id='word_1_325' title='bbox 2085 2885 2332 2952; x_wconf 83' lang='lat' dir='ltr'><strong>subjecta</strong></span> 
     </span>
    </p>
   </div>
   <div class='ocr_carea' id='block_1_45' title="bbox 778 2974 907 3028">
    <p class='ocr_par' dir='ltr' id='par_1_45' title="bbox 778 2974 907 3028">
     <span class='ocr_line' id='line_1_45' title="bbox 778 2974 907 3028; baseline 0.023 -3"><span class='ocrx_word' id='word_1_326' title='bbox 778 2974 907 3028; x_wconf 88' lang='lat' dir='ltr'><strong>sint.</strong></span> 
     </span>
    </p>
   </div>
   <div class='ocr_carea' id='block_1_46' title="bbox 848 3063 2319 3136">
    <p class='ocr_par' dir='ltr' id='par_1_46' title="bbox 848 3063 2319 3136">
     <span class='ocr_line' id='line_1_46' title="bbox 848 3063 2319 3136; baseline 0.003 -18"><span class='ocrx_word' id='word_1_327' title='bbox 848 3063 1012 3120; x_wconf 76' lang='lat' dir='ltr'><strong>Vens.</strong></span> <span class='ocrx_word' id='word_1_328' title='bbox 1052 3064 1139 3118; x_wconf 72' lang='lat'><strong>92.</strong></span> <span class='ocrx_word' id='word_1_329' title='bbox 1167 3063 1286 3117; x_wconf 85' lang='lat' dir='ltr'><strong>Nisi</strong></span> <span class='ocrx_word' id='word_1_330' title='bbox 1316 3063 1452 3134; x_wconf 86' lang='lat' dir='ltr'><strong>quod</strong></span> <span class='ocrx_word' id='word_1_331' title='bbox 1497 3065 1579 3117; x_wconf 77' lang='lat' dir='ltr'><strong>lea:</strong></span> <span class='ocrx_word' id='word_1_332' title='bbox 1626 3074 1717 3116; x_wconf 88' lang='lat' dir='ltr'><strong>tua</strong></span> <span class='ocrx_word' id='word_1_333' title='bbox 1765 3065 2036 3121; x_wconf 81' lang='lat' dir='ltr'><strong>meditatio</strong></span> <span class='ocrx_word' id='word_1_334' title='bbox 2080 3086 2190 3122; x_wconf 77' lang='lat' dir='ltr'><strong>rrea</strong></span> <span class='ocrx_word' id='word_1_335' title='bbox 2223 3081 2319 3136; x_wconf 86' lang='lat' dir='ltr'><strong>est,</strong></span> 
     </span>
    </p>
   </div>
   <div class='ocr_carea' id='block_1_47' title="bbox 777 3149 2320 3225">
    <p class='ocr_par' dir='ltr' id='par_1_47' title="bbox 777 3149 2320 3225">
     <span class='ocr_line' id='line_1_47' title="bbox 777 3149 2320 3225; baseline 0.003 -13"><span class='ocrx_word' id='word_1_336' title='bbox 777 3170 898 3213; x_wconf 84' lang='lat' dir='ltr'><strong>tunc</strong></span> <span class='ocrx_word' id='word_1_337' title='bbox 939 3158 1073 3224; x_wconf 77' lang='lat' dir='ltr'><strong>forte</strong></span> <span class='ocrx_word' id='word_1_338' title='bbox 1122 3157 1389 3225; x_wconf 83' lang='lat' dir='ltr'><strong>periissem</strong></span> <span class='ocrx_word' id='word_1_339' title='bbox 1436 3157 1489 3208; x_wconf 90' lang='lat' dir='ltr'><strong>in</strong></span> <span class='ocrx_word' id='word_1_340' title='bbox 1534 3149 1894 3210; x_wconf 79' lang='lat' dir='ltr'><strong>humiliatione</strong></span> <span class='ocrx_word' id='word_1_341' title='bbox 1943 3176 2078 3215; x_wconf 87' lang='lat' dir='ltr'><strong>mea.</strong></span> <span class='ocrx_word' id='word_1_342' title='bbox 2112 3159 2320 3216; x_wconf 85' lang='lat' dir='ltr'><strong>Dictum</strong></span> 
     </span>
    </p>
   </div>
   <div class='ocr_carea' id='block_1_48' title="bbox 774 3247 2320 3317">
    <p class='ocr_par' dir='ltr' id='par_1_48' title="bbox 774 3247 2320 3317">
     <span class='ocr_line' id='line_1_48' title="bbox 774 3247 2320 3317; baseline 0 -14"><span class='ocrx_word' id='word_1_343' title='bbox 774 3259 879 3312; x_wconf 84' lang='lat' dir='ltr'><strong>est,</strong></span> <span class='ocrx_word' id='word_1_344' title='bbox 913 3257 1126 3317; x_wconf 89' lang='lat' dir='ltr'><strong>tempus</strong></span> <span class='ocrx_word' id='word_1_345' title='bbox 1157 3247 1513 3301; x_wconf 83' lang='lat' dir='ltr'><strong>tentationum</strong></span> <span class='ocrx_word' id='word_1_346' title='bbox 1547 3262 1608 3299; x_wconf 88' lang='lat' dir='ltr'><strong>ac</strong></span> <span class='ocrx_word' id='word_1_347' title='bbox 1653 3248 2022 3302; x_wconf 84' lang='lat' dir='ltr'><strong>calamitatum</strong></span> <span class='ocrx_word' id='word_1_348' title='bbox 2071 3251 2320 3303; x_wconf 87' lang='lat' dir='ltr'><strong>humilia-</strong></span> 
     </span>
    </p>
   </div>
   <div class='ocr_carea' id='block_1_49' title="bbox 776 3335 2326 3408">
    <p class='ocr_par' dir='ltr' id='par_1_49' title="bbox 776 3335 2326 3408">
     <span class='ocr_line' id='line_1_49' title="bbox 776 3335 2326 3408; baseline -0.001 -16"><span class='ocrx_word' id='word_1_349' title='bbox 776 3342 976 3392; x_wconf 90' lang='lat' dir='ltr'><strong>tionem</strong></span> <span class='ocrx_word' id='word_1_350' title='bbox 1005 3338 1324 3408; x_wconf 83' lang='lat' dir='ltr'><strong>nuncupari.</strong></span> <span class='ocrx_word' id='word_1_351' title='bbox 1353 3335 1465 3389; x_wconf 78' lang='lat' dir='ltr'><strong>Viri</strong></span> <span class='ocrx_word' id='word_1_352' title='bbox 1498 3337 1659 3404; x_wconf 80' lang='lat' dir='ltr'><strong>igitur</strong></span> <span class='ocrx_word' id='word_1_353' title='bbox 1684 3337 1824 3391; x_wconf 87' lang='lat' dir='ltr'><strong>beati</strong></span> <span class='ocrx_word' id='word_1_354' title='bbox 1847 3346 1930 3392; x_wconf 87' lang='lat' dir='ltr'><strong>est</strong></span> <span class='ocrx_word' id='word_1_355' title='bbox 1952 3337 2116 3393; x_wconf 83' lang='lat' dir='ltr'><strong>fuisse</strong></span> <span class='ocrx_word' id='word_1_356' title='bbox 2145 3339 2198 3391; x_wconf 91' lang='lat' dir='ltr'><strong>in</strong></span> <span class='ocrx_word' id='word_1_357' title='bbox 2226 3339 2326 3391; x_wconf 83' lang='lat' dir='ltr'><strong>liu—</strong></span> 
     </span>
    </p>
   </div>
   <div class='ocr_carea' id='block_1_50' title="bbox 687 3428 2325 3497">
    <p class='ocr_par' dir='ltr' id='par_1_50' title="bbox 687 3428 2325 3497">
     <span class='ocr_line' id='line_1_50' title="bbox 687 3428 2325 3497; baseline -0.001 -15"><span class='ocrx_word' id='word_1_358' title='bbox 687 3488 692 3491; x_wconf 18' lang='lat'><strong>,</strong></span> <span class='ocrx_word' id='word_1_359' title='bbox 775 3429 1096 3491; x_wconf 84' lang='lat' dir='ltr'><strong>miliatione,</strong></span> <span class='ocrx_word' id='word_1_360' title='bbox 1130 3437 1183 3482; x_wconf 89' lang='lat' dir='ltr'><strong>et</strong></span> <span class='ocrx_word' id='word_1_361' title='bbox 1211 3443 1320 3481; x_wconf 90' lang='lat' dir='ltr'><strong>non</strong></span> <span class='ocrx_word' id='word_1_362' title='bbox 1369 3428 1597 3496; x_wconf 81' lang='lat' dir='ltr'><strong>periisse</strong></span> <span class='ocrx_word' id='word_1_363' title='bbox 1641 3447 1652 3480; x_wconf 91' lang='lat'>:</span> <span class='ocrx_word' id='word_1_364' title='bbox 1687 3439 1746 3480; x_wconf 92' lang='lat' dir='ltr'><strong>ut</strong></span> <span class='ocrx_word' id='word_1_365' title='bbox 1775 3429 1841 3491; x_wconf 87' lang='lat' dir='ltr'><strong>si,</strong></span> <span class='ocrx_word' id='word_1_366' title='bbox 1885 3444 1937 3481; x_wconf 73' lang='grc' dir='ltr'><strong>γ.</strong></span> <span class='ocrx_word' id='word_1_367' title='bbox 1984 3444 2055 3497; x_wconf 70' lang='lat'><strong>3.,</strong></span> <span class='ocrx_word' id='word_1_368' title='bbox 2089 3428 2325 3482; x_wconf 78' lang='lat' dir='ltr'><strong>venerim</strong></span> 
     </span>
    </p>
   </div>
   <div class='ocr_carea' id='block_1_51' title="bbox 772 3518 2325 3589">
    <p class='ocr_par' dir='ltr' id='par_1_51' title="bbox 772 3518 2325 3589">
     <span class='ocr_line' id='line_1_51' title="bbox 772 3518 2325 3589; baseline -0.002 -16"><span class='ocrx_word' id='word_1_369' title='bbox 772 3520 827 3573; x_wconf 90' lang='lat' dir='ltr'><strong>in</strong></span> <span class='ocrx_word' id='word_1_370' title='bbox 864 3520 1215 3573; x_wconf 89' lang='lat' dir='ltr'><strong>tentationem</strong></span> <span class='ocrx_word' id='word_1_371' title='bbox 1261 3519 1528 3589; x_wconf 86' lang='lat' dir='ltr'><strong>martyrii,</strong></span> <span class='ocrx_word' id='word_1_372' title='bbox 1571 3519 1618 3572; x_wconf 89' lang='lat' dir='ltr'><strong>si</strong></span> <span class='ocrx_word' id='word_1_373' title='bbox 1670 3518 1885 3587; x_wconf 89' lang='lat' dir='ltr'><strong>quidem</strong></span> <span class='ocrx_word' id='word_1_374' title='bbox 1947 3529 2232 3587; x_wconf 88' lang='lat' dir='ltr'><strong>antequam</strong></span> <span class='ocrx_word' id='word_1_375' title='bbox 2269 3521 2325 3571; x_wconf 87' lang='lat' dir='ltr'><strong>in</strong></span> 
     </span>
    </p>
   </div>
   <div class='ocr_carea' id='block_1_52' title="bbox 771 3592 2325 3676">
    <p class='ocr_par' dir='ltr' id='par_1_52' title="bbox 771 3592 2325 3676">
     <span class='ocr_line' id='line_1_52' title="bbox 771 3592 2325 3676; baseline -0.001 -14"><span class='ocrx_word' id='word_1_376' title='bbox 771 3624 888 3663; x_wconf 83' lang='lat' dir='ltr'><strong>eam</strong></span> <span class='ocrx_word' id='word_1_377' title='bbox 926 3610 1221 3664; x_wconf 87' lang='lat' dir='ltr'><strong>inciderem</strong></span> <span class='ocrx_word' id='word_1_378' title='bbox 1253 3611 1334 3663; x_wconf 81' lang='lat' dir='ltr'><strong>lex</strong></span> <span class='ocrx_word' id='word_1_379' title='bbox 1359 3617 1450 3663; x_wconf 86' lang='lat' dir='ltr'><strong>tua</strong></span> <span class='ocrx_word' id='word_1_380' title='bbox 1489 3609 1764 3663; x_wconf 89' lang='lat' dir='ltr'><strong>meditatio</strong></span> <span class='ocrx_word' id='word_1_381' title='bbox 1803 3610 1934 3662; x_wconf 88' lang='lat' dir='ltr'><strong>mihi</strong></span> <span class='ocrx_word' id='word_1_382' title='bbox 1960 3592 2174 3676; x_wconf 66' lang='lat' dir='ltr'><strong>semper</strong></span> <span class='ocrx_word' id='word_1_383' title='bbox 2208 3608 2325 3660; x_wconf 83' lang='lat' dir='ltr'><strong>fue-</strong></span> 
     </span>
    </p>
   </div>
   <div class='ocr_carea' id='block_1_53' title="bbox 771 3700 2322 3765">
    <p class='ocr_par' dir='ltr' id='par_1_53' title="bbox 771 3700 2322 3765">
     <span class='ocr_line' id='line_1_53' title="bbox 771 3700 2322 3765; baseline -0.001 -12"><span class='ocrx_word' id='word_1_384' title='bbox 771 3703 862 3764; x_wconf 88' lang='lat' dir='ltr'><strong>rit,</strong></span> <span class='ocrx_word' id='word_1_385' title='bbox 886 3710 939 3755; x_wconf 92' lang='lat' dir='ltr'><strong>et</strong></span> <span class='ocrx_word' id='word_1_386' title='bbox 975 3716 1094 3756; x_wconf 87' lang='lat' dir='ltr'><strong>eam</strong></span> <span class='ocrx_word' id='word_1_387' title='bbox 1125 3709 1419 3755; x_wconf 82' lang='lat' dir='ltr'><strong>exsecutus</strong></span> <span class='ocrx_word' id='word_1_388' title='bbox 1460 3701 1594 3765; x_wconf 88' lang='lat' dir='ltr'><strong>sim;</strong></span> <span class='ocrx_word' id='word_1_389' title='bbox 1626 3715 1746 3753; x_wconf 90' lang='lat' dir='ltr'><strong>cum</strong></span> <span class='ocrx_word' id='word_1_390' title='bbox 1788 3701 1842 3752; x_wconf 88' lang='lat' dir='ltr'><strong>in</strong></span> <span class='ocrx_word' id='word_1_391' title='bbox 1894 3700 2322 3752; x_wconf 80' lang='lat' dir='ltr'><strong>humiliationem</strong></span> 
     </span>
    </p>
   </div>
   <div class='ocr_carea' id='block_1_54' title="bbox 769 3789 2323 3863">
    <p class='ocr_par' dir='ltr' id='par_1_54' title="bbox 769 3789 2323 3863">
     <span class='ocr_line' id='line_1_54' title="bbox 769 3789 2323 3863; baseline -0.003 -15"><span class='ocrx_word' id='word_1_392' title='bbox 769 3809 863 3861; x_wconf 81' lang='lat' dir='ltr'><strong>per</strong></span> <span class='ocrx_word' id='word_1_393' title='bbox 895 3795 1248 3847; x_wconf 86' lang='lat' dir='ltr'><strong>tentationem</strong></span> <span class='ocrx_word' id='word_1_394' title='bbox 1287 3792 1532 3863; x_wconf 83' lang='lat' dir='ltr'><strong>martyrii</strong></span> <span class='ocrx_word' id='word_1_395' title='bbox 1575 3806 1792 3855; x_wconf 84' lang='lat' dir='ltr'><strong>venero,</strong></span> <span class='ocrx_word' id='word_1_396' title='bbox 1829 3805 1937 3842; x_wconf 92' lang='lat' dir='ltr'><strong>non</strong></span> <span class='ocrx_word' id='word_1_397' title='bbox 1968 3791 2177 3858; x_wconf 87' lang='lat' dir='ltr'><strong>peribo.</strong></span> <span class='ocrx_word' id='word_1_398' title='bbox 2230 3789 2323 3844; x_wconf 90' lang='lat' dir='ltr'><strong>Sic</strong></span> 
     </span>
    </p>
   </div>
   <div class='ocr_carea' id='block_1_55' title="bbox 768 3878 2323 3951">
    <p class='ocr_par' dir='ltr' id='par_1_55' title="bbox 768 3878 2323 3951">
     <span class='ocr_line' id='line_1_55' title="bbox 768 3878 2323 3951; baseline 0 -14"><span class='ocrx_word' id='word_1_399' title='bbox 768 3878 825 3936; x_wconf 81' lang='lat' dir='ltr'><strong>in</strong></span> <span class='ocrx_word' id='word_1_400' title='bbox 871 3885 1019 3937; x_wconf 86' lang='lat' dir='ltr'><strong>omni</strong></span> <span class='ocrx_word' id='word_1_401' title='bbox 1066 3884 1368 3936; x_wconf 87' lang='lat' dir='ltr'><strong>tentatione</strong></span> <span class='ocrx_word' id='word_1_402' title='bbox 1422 3882 1570 3950; x_wconf 89' lang='lat' dir='ltr'><strong>loqui</strong></span> <span class='ocrx_word' id='word_1_403' title='bbox 1598 3896 1697 3950; x_wconf 90' lang='lat' dir='ltr'><strong>par</strong></span> <span class='ocrx_word' id='word_1_404' title='bbox 1732 3879 1931 3935; x_wconf 85' lang='lat' dir='ltr'><strong>fuerit:</strong></span> <span class='ocrx_word' id='word_1_405' title='bbox 1961 3889 2035 3943; x_wconf 88' lang='lat' dir='ltr'><strong>at,</strong></span> <span class='ocrx_word' id='word_1_406' title='bbox 2073 3881 2323 3951; x_wconf 81' lang='lat' dir='ltr'><strong>malignis</strong></span> 
     </span>
    </p>
   </div>
   <div class='ocr_carea' id='block_1_56' title="bbox 767 3959 2322 4044">
    <p class='ocr_par' dir='ltr' id='par_1_56' title="bbox 767 3959 2322 4044">
     <span class='ocr_line' id='line_1_56' title="bbox 767 3959 2322 4044; baseline 0.001 -19"><span class='ocrx_word' id='word_1_407' title='bbox 767 3973 1188 4042; x_wconf 76' lang='lat' dir='ltr'><strong>cogitationibus</strong></span> <span class='ocrx_word' id='word_1_408' title='bbox 1228 3982 1277 4026; x_wconf 90' lang='lat' dir='ltr'><strong>et</strong></span> <span class='ocrx_word' id='word_1_409' title='bbox 1323 3959 1654 4027; x_wconf 87' lang='lat' dir='ltr'><strong>adversariis</strong></span> <span class='ocrx_word' id='word_1_410' title='bbox 1686 3974 1978 4028; x_wconf 88' lang='lat' dir='ltr'><strong>virtutibus</strong></span> <span class='ocrx_word' id='word_1_411' title='bbox 2017 3988 2103 4027; x_wconf 90' lang='lat' dir='ltr'><strong>me</strong></span> <span class='ocrx_word' id='word_1_412' title='bbox 2148 3974 2322 4044; x_wconf 89' lang='lat' dir='ltr'><strong>impu-</strong></span> 
     </span>
    </p>
   </div>
   <div class='ocr_carea' id='block_1_57' title="bbox 768 4060 2319 4130">
    <p class='ocr_par' dir='ltr' id='par_1_57' title="bbox 768 4060 2319 4130">
     <span class='ocr_line' id='line_1_57' title="bbox 768 4060 2319 4130; baseline 0.003 -17"><span class='ocrx_word' id='word_1_413' title='bbox 768 4062 1079 4130; x_wconf 73' lang='lat' dir='ltr'><strong>gnantibus,</strong></span> <span class='ocrx_word' id='word_1_414' title='bbox 1111 4060 1446 4129; x_wconf 85' lang='lat' dir='ltr'><strong>pereundum</strong></span> <span class='ocrx_word' id='word_1_415' title='bbox 1488 4063 1619 4115; x_wconf 88' lang='lat' dir='ltr'><strong>mihi</strong></span> <span class='ocrx_word' id='word_1_416' title='bbox 1650 4071 1787 4126; x_wconf 77' lang='lat' dir='ltr'><strong>erat,</strong></span> <span class='ocrx_word' id='word_1_417' title='bbox 1820 4064 1927 4118; x_wconf 86' lang='lat' dir='ltr'><strong>nisi</strong></span> <span class='ocrx_word' id='word_1_418' title='bbox 1959 4064 2041 4117; x_wconf 84' lang='lat' dir='ltr'><strong>lex</strong></span> <span class='ocrx_word' id='word_1_419' title='bbox 2075 4072 2166 4117; x_wconf 89' lang='lat' dir='ltr'><strong>tua</strong></span> <span class='ocrx_word' id='word_1_420' title='bbox 2213 4065 2319 4118; x_wconf 81' lang='lat' dir='ltr'><strong>ful-</strong></span> 
     </span>
    </p>
   </div>
   <div class='ocr_carea' id='block_1_58' title="bbox 766 4153 1247 4206">
    <p class='ocr_par' dir='ltr' id='par_1_58' title="bbox 766 4153 1247 4206">
     <span class='ocr_line' id='line_1_58' title="bbox 766 4153 1247 4206; baseline -0.002 0"><span class='ocrx_word' id='word_1_421' title='bbox 766 4166 862 4206; x_wconf 86' lang='lat' dir='ltr'><strong>cro</strong></span> <span class='ocrx_word' id='word_1_422' title='bbox 885 4153 1013 4205; x_wconf 90' lang='lat' dir='ltr'><strong>mihi</strong></span> <span class='ocrx_word' id='word_1_423' title='bbox 1037 4153 1247 4206; x_wconf 82' lang='lat' dir='ltr'><strong>fuisset.</strong></span> 
     </span>
    </p>
   </div>
   <div class='ocr_carea' id='block_1_59' title="bbox 837 4241 2324 4315">
    <p class='ocr_par' dir='ltr' id='par_1_59' title="bbox 837 4241 2324 4315">
     <span class='ocr_line' id='line_1_59' title="bbox 837 4241 2324 4315; baseline 0.003 -20"><span class='ocrx_word' id='word_1_424' title='bbox 837 4241 1000 4296; x_wconf 60' lang='lat' dir='ltr'><strong>Vens.</strong></span> <span class='ocrx_word' id='word_1_425' title='bbox 1035 4244 1123 4297; x_wconf 78' lang='grc'><strong>95.</strong></span> <span class='ocrx_word' id='word_1_426' title='bbox 1156 4242 1221 4295; x_wconf 84' lang='lat' dir='ltr'><strong>In</strong></span> <span class='ocrx_word' id='word_1_427' title='bbox 1263 4254 1512 4296; x_wconf 78' lang='lat' dir='ltr'><strong>reternum</strong></span> <span class='ocrx_word' id='word_1_428' title='bbox 1547 4260 1647 4296; x_wconf 92' lang='lat' dir='ltr'><strong>non</strong></span> <span class='ocrx_word' id='word_1_429' title='bbox 1681 4244 1961 4298; x_wconf 83' lang='lat' dir='ltr'><strong>obliviscar</strong></span> <span class='ocrx_word' id='word_1_430' title='bbox 1986 4245 2324 4315; x_wconf 78' lang='lat' dir='ltr'><strong>justiﬁcatio-</strong></span> 
     </span>
    </p>
   </div>
   <div class='ocr_carea' id='block_1_60' title="bbox 766 4334 2319 4403">
    <p class='ocr_par' dir='ltr' id='par_1_60' title="bbox 766 4334 2319 4403">
     <span class='ocr_line' id='line_1_60' title="bbox 766 4334 2319 4403; baseline 0.001 -15"><span class='ocrx_word' id='word_1_431' title='bbox 766 4348 1020 4397; x_wconf 73' lang='lat' dir='ltr'><strong>aestuas,</strong></span> <span class='ocrx_word' id='word_1_432' title='bbox 1051 4336 1176 4403; x_wconf 86' lang='lat' dir='ltr'><strong>quia</strong></span> <span class='ocrx_word' id='word_1_433' title='bbox 1205 4336 1256 4386; x_wconf 88' lang='lat' dir='ltr'><strong>in</strong></span> <span class='ocrx_word' id='word_1_434' title='bbox 1281 4337 1407 4403; x_wconf 84' lang='lat' dir='ltr'><strong>ipsis</strong></span> <span class='ocrx_word' id='word_1_435' title='bbox 1444 4336 1719 4403; x_wconf 78' lang='lat' dir='ltr'><strong>viviﬁcasti</strong></span> <span class='ocrx_word' id='word_1_436' title='bbox 1756 4351 1855 4388; x_wconf 87' lang='lat' dir='ltr'><strong>me.</strong></span> <span class='ocrx_word' id='word_1_437' title='bbox 1888 4334 2083 4389; x_wconf 84' lang='lat' dir='ltr'><strong>Verum</strong></span> <span class='ocrx_word' id='word_1_438' title='bbox 2116 4351 2319 4389; x_wconf 88' lang='lat' dir='ltr'><strong>memor</strong></span> 
     </span>
    </p>
   </div>
   <div class='ocr_carea' id='block_1_61' title="bbox 765 4427 2313 4496">
    <p class='ocr_par' dir='ltr' id='par_1_61' title="bbox 765 4427 2313 4496">
     <span class='ocr_line' id='line_1_61' title="bbox 765 4427 2313 4496; baseline 0 -14"><span class='ocrx_word' id='word_1_439' title='bbox 765 4441 861 4482; x_wconf 87' lang='lat' dir='ltr'><strong>cro</strong></span> <span class='ocrx_word' id='word_1_440' title='bbox 909 4428 1318 4496; x_wconf 89' lang='lat' dir='ltr'><strong>disciplinarum</strong></span> <span class='ocrx_word' id='word_1_441' title='bbox 1371 4436 1620 4490; x_wconf 86' lang='lat' dir='ltr'><strong>tuarum,</strong></span> <span class='ocrx_word' id='word_1_442' title='bbox 1651 4442 1786 4496; x_wconf 89' lang='lat' dir='ltr'><strong>quas</strong></span> <span class='ocrx_word' id='word_1_443' title='bbox 1824 4427 1878 4480; x_wconf 90' lang='lat' dir='ltr'><strong>in</strong></span> <span class='ocrx_word' id='word_1_444' title='bbox 1917 4427 2023 4480; x_wconf 85' lang='lat' dir='ltr'><strong>vita</strong></span> <span class='ocrx_word' id='word_1_445' title='bbox 2068 4427 2263 4481; x_wconf 89' lang='lat' dir='ltr'><strong>edidici</strong></span> <span class='ocrx_word' id='word_1_446' title='bbox 2301 4448 2313 4482; x_wconf 85' lang='lat'><strong>:</strong></span> 
     </span>
    </p>
   </div>
   <div class='ocr_carea' id='block_1_62' title="bbox 765 4517 2316 4588">
    <p class='ocr_par' dir='ltr' id='par_1_62' title="bbox 765 4517 2316 4588">
     <span class='ocr_line' id='line_1_62' title="bbox 765 4517 2316 4588; baseline -0.001 -16"><span class='ocrx_word' id='word_1_447' title='bbox 765 4533 862 4588; x_wconf 88' lang='lat' dir='ltr'><strong>per</strong></span> <span class='ocrx_word' id='word_1_448' title='bbox 884 4518 1006 4573; x_wconf 87' lang='lat' dir='ltr'><strong>illas</strong></span> <span class='ocrx_word' id='word_1_449' title='bbox 1022 4519 1162 4572; x_wconf 91' lang='lat' dir='ltr'><strong>enim</strong></span> <span class='ocrx_word' id='word_1_450' title='bbox 1189 4532 1218 4570; x_wconf 88' lang='lat' dir='ltr'><strong>a</strong></span> <span class='ocrx_word' id='word_1_451' title='bbox 1242 4527 1387 4571; x_wconf 86' lang='lat' dir='ltr'><strong>terra</strong></span> <span class='ocrx_word' id='word_1_452' title='bbox 1414 4517 1468 4570; x_wconf 89' lang='lat' dir='ltr'><strong>in</strong></span> <span class='ocrx_word' id='word_1_453' title='bbox 1489 4518 1685 4571; x_wconf 76' lang='lat' dir='ltr'><strong>cwlum</strong></span> <span class='ocrx_word' id='word_1_454' title='bbox 1716 4518 2009 4579; x_wconf 86' lang='lat' dir='ltr'><strong>transiens,</strong></span> <span class='ocrx_word' id='word_1_455' title='bbox 2044 4532 2166 4571; x_wconf 89' lang='lat' dir='ltr'><strong>cum</strong></span> <span class='ocrx_word' id='word_1_456' title='bbox 2218 4534 2316 4572; x_wconf 68' lang='grc' dir='ltr'><strong>θη-</strong></span> 
     </span>
    </p>
   </div>
   <div class='ocr_carea' id='block_1_63' title="bbox 2449 2057 3979 2133">
    <p class='ocr_par' dir='ltr' id='par_1_63' title="bbox 2449 2057 3979 2133">
     <span class='ocr_line' id='line_1_63' title="bbox 2449 2057 3979 2133; baseline 0.001 -22"><span class='ocrx_word' id='word_1_457' title='bbox 2449 2059 2720 2127; x_wconf 85' lang='grc' dir='ltr'>’Δλήθειαν</span> <span class='ocrx_word' id='word_1_458' title='bbox 2750 2061 2804 2112; x_wconf 85' lang='grc' dir='ltr'>δὲ</span> <span class='ocrx_word' id='word_1_459' title='bbox 2831 2061 2975 2128; x_wconf 81' lang='grc' dir='ltr'>λέγει</span> <span class='ocrx_word' id='word_1_460' title='bbox 3008 2061 3104 2131; x_wconf 84' lang='grc' dir='ltr'>τὴν</span> <span class='ocrx_word' id='word_1_461' title='bbox 3132 2061 3456 2130; x_wconf 78' lang='grc' dir='ltr'><strong>ἐπαγγελίαν</strong></span> <span class='ocrx_word' id='word_1_462' title='bbox 3496 2061 3718 2133; x_wconf 79' lang='grc' dir='ltr'>ταύτην,</span> <span class='ocrx_word' id='word_1_463' title='bbox 3768 2061 3834 2131; x_wconf 79' lang='grc' dir='ltr'>ἢν</span> <span class='ocrx_word' id='word_1_464' title='bbox 3873 2057 3979 2113; x_wconf 76' lang='grc' dir='ltr'>οἶδε</span> 
     </span>
    </p>
   </div>
   <div class='ocr_carea' id='block_1_64' title="bbox 2436 2150 3983 2222">
    <p class='ocr_par' dir='ltr' id='par_1_64' title="bbox 2436 2150 3983 2222">
     <span class='ocr_line' id='line_1_64' title="bbox 2436 2150 3983 2222; baseline 0.003 -21"><span class='ocrx_word' id='word_1_465' title='bbox 2436 2150 2649 2213; x_wconf 79' lang='grc' dir='ltr'>πάντως</span> <span class='ocrx_word' id='word_1_466' title='bbox 2681 2152 3046 2222; x_wconf 83' lang='grc' dir='ltr'>γενησομένην</span> <span class='ocrx_word' id='word_1_467' title='bbox 3097 2154 3175 2214; x_wconf 85' lang='grc' dir='ltr'>είς</span> <span class='ocrx_word' id='word_1_468' title='bbox 3223 2154 3414 2220; x_wconf 82' lang='grc' dir='ltr'>γενεὰν</span> <span class='ocrx_word' id='word_1_469' title='bbox 3458 2154 3552 2206; x_wconf 60' lang='grc' dir='ltr'><strong>καὶ⁵</strong></span> <span class='ocrx_word' id='word_1_470' title='bbox 3593 2153 3802 2220; x_wconf 81' lang='grc' dir='ltr'>γενεάν.</span> <span class='ocrx_word' id='word_1_471' title='bbox 3845 2153 3983 2213; x_wconf 77' lang='grc' dir='ltr'>Καθ’</span> 
     </span>
    </p>
   </div>
   <div class='ocr_carea' id='block_1_65' title="bbox 2435 2241 3984 2314">
    <p class='ocr_par' dir='ltr' id='par_1_65' title="bbox 2435 2241 3984 2314">
     <span class='ocr_line' id='line_1_65' title="bbox 2435 2241 3984 2314; baseline 0.001 -21"><span class='ocrx_word' id='word_1_472' title='bbox 2435 2242 2666 2310; x_wconf 75' lang='grc' dir='ltr'>ἑκάστην</span> <span class='ocrx_word' id='word_1_473' title='bbox 2684 2243 2792 2312; x_wconf 76' lang='grc' dir='ltr'><strong>γὰρ</strong></span> <span class='ocrx_word' id='word_1_474' title='bbox 2813 2243 3002 2308; x_wconf 84' lang='grc' dir='ltr'>γενεὰν</span> <span class='ocrx_word' id='word_1_475' title='bbox 3037 2245 3176 2314; x_wconf 88' lang='grc' dir='ltr'>μέρη</span> <span class='ocrx_word' id='word_1_476' title='bbox 3203 2244 3321 2297; x_wconf 87' lang='grc' dir='ltr'>τινὰ</span> <span class='ocrx_word' id='word_1_477' title='bbox 3352 2243 3449 2313; x_wconf 82' lang='grc' dir='ltr'><strong>τῆς</strong></span> <span class='ocrx_word' id='word_1_478' title='bbox 3481 2243 3734 2314; x_wconf 77' lang='grc' dir='ltr'><strong>ἀληθείας</strong></span> <span class='ocrx_word' id='word_1_479' title='bbox 3777 2241 3984 2312; x_wconf 84' lang='grc' dir='ltr'>ἀνθρώ-</span> 
     </span>
    </p>
   </div>
   <div class='ocr_carea' id='block_1_66' title="bbox 2435 2332 3993 2405">
    <p class='ocr_par' dir='ltr' id='par_1_66' title="bbox 2435 2332 3993 2405">
     <span class='ocr_line' id='line_1_66' title="bbox 2435 2332 3993 2405; baseline 0 -21"><span class='ocrx_word' id='word_1_480' title='bbox 2435 2350 2553 2394; x_wconf 84' lang='grc' dir='ltr'>ποις</span> <span class='ocrx_word' id='word_1_481' title='bbox 2582 2333 2944 2397; x_wconf 77' lang='grc' dir='ltr'>ἀποστέλλεις,</span> <span class='ocrx_word' id='word_1_482' title='bbox 2969 2336 3061 2387; x_wconf 83' lang='grc' dir='ltr'>καὶ</span> <span class='ocrx_word' id='word_1_483' title='bbox 3085 2335 3152 2386; x_wconf 85' lang='grc' dir='ltr'>τὰ</span> <span class='ocrx_word' id='word_1_484' title='bbox 3178 2335 3467 2405; x_wconf 83' lang='grc' dir='ltr'>σύμπαντα</span> <span class='ocrx_word' id='word_1_485' title='bbox 3489 2334 3582 2386; x_wconf 89' lang='grc' dir='ltr'><strong>τοῦ</strong></span> <span class='ocrx_word' id='word_1_486' title='bbox 3606 2333 3809 2403; x_wconf 82' lang='grc' dir='ltr'><strong>κόσμου</strong></span> <span class='ocrx_word' id='word_1_487' title='bbox 3842 2332 3993 2403; x_wconf 84' lang='grc' dir='ltr'>μέρη</span> 
     </span>
    </p>
   </div>
   <div class='ocr_carea' id='block_1_67' title="bbox 2433 2423 3982 2495">
    <p class='ocr_par' dir='ltr' id='par_1_67' title="bbox 2433 2423 3982 2495">
     <span class='ocr_line' id='line_1_67' title="bbox 2433 2423 3982 2495; baseline 0 -21"><span class='ocrx_word' id='word_1_488' title='bbox 2433 2429 2500 2475; x_wconf 85' lang='grc' dir='ltr'><strong>τα</strong></span> <span class='ocrx_word' id='word_1_489' title='bbox 2529 2441 2586 2474; x_wconf 84' lang='grc' dir='ltr'><strong>τε</strong></span> <span class='ocrx_word' id='word_1_490' title='bbox 2614 2425 2785 2492; x_wconf 79' lang='grc' dir='ltr'>ὀρατὰ</span> <span class='ocrx_word' id='word_1_491' title='bbox 2823 2427 2884 2493; x_wconf 78' lang='grc' dir='ltr'>τῇ</span> <span class='ocrx_word' id='word_1_492' title='bbox 2921 2428 2985 2494; x_wconf 85' lang='grc' dir='ltr'>σῇ</span> <span class='ocrx_word' id='word_1_493' title='bbox 3032 2425 3267 2491; x_wconf 81' lang='grc' dir='ltr'><strong>διατάξει</strong></span> <span class='ocrx_word' id='word_1_494' title='bbox 3302 2425 3646 2494; x_wconf 82' lang='grc' dir='ltr'>συνέστηκεν,</span> <span class='ocrx_word' id='word_1_495' title='bbox 3700 2426 3772 2495; x_wconf 84' lang='grc' dir='ltr'>μὴ</span> <span class='ocrx_word' id='word_1_496' title='bbox 3806 2423 3982 2476; x_wconf 86' lang='grc' dir='ltr'>κινού-</span> 
     </span>
    </p>
   </div>
   <div class='ocr_carea' id='block_1_68' title="bbox 2437 2506 3978 2586">
    <p class='ocr_par' dir='ltr' id='par_1_68' title="bbox 2437 2506 3978 2586">
     <span class='ocr_line' id='line_1_68' title="bbox 2437 2506 3978 2586; baseline 0.001 -20"><span class='ocrx_word' id='word_1_497' title='bbox 2437 2532 2568 2584; x_wconf 83' lang='grc' dir='ltr'>μενα</span> <span class='ocrx_word' id='word_1_498' title='bbox 2599 2506 2703 2566; x_wconf 71' lang='grc' dir='ltr'><strong>τῶν</strong></span> <span class='ocrx_word' id='word_1_499' title='bbox 2732 2516 2890 2584; x_wconf 82' lang='grc' dir='ltr'>ὀρῶν,</span> <span class='ocrx_word' id='word_1_500' title='bbox 2947 2516 3077 2585; x_wconf 85' lang='grc' dir='ltr'>μηδὲ</span> <span class='ocrx_word' id='word_1_501' title='bbox 3110 2517 3198 2568; x_wconf 84' lang='grc' dir='ltr'><strong>τὸν</strong></span> <span class='ocrx_word' id='word_1_502' title='bbox 3236 2516 3394 2585; x_wconf 90' lang='grc' dir='ltr'>νόμον</span> <span class='ocrx_word' id='word_1_503' title='bbox 3436 2515 3527 2568; x_wconf 84' lang='grc' dir='ltr'><strong>τὸν</strong></span> <span class='ocrx_word' id='word_1_504' title='bbox 3573 2515 3854 2586; x_wconf 78' lang='grc' dir='ltr'><strong>ὁρισθέντα</strong></span> <span class='ocrx_word' id='word_1_505' title='bbox 3879 2515 3978 2567; x_wconf 83' lang='grc' dir='ltr'><strong>αὑ-</strong></span> 
     </span>
    </p>
   </div>
   <div class='ocr_carea' id='block_1_69' title="bbox 2430 2606 3975 2677">
    <p class='ocr_par' dir='ltr' id='par_1_69' title="bbox 2430 2606 3975 2677">
     <span class='ocr_line' id='line_1_69' title="bbox 2430 2606 3975 2677; baseline -0.001 -19"><span class='ocrx_word' id='word_1_506' title='bbox 2430 2609 2542 2668; x_wconf 82' lang='grc' dir='ltr'><strong>τοῖς</strong></span> <span class='ocrx_word' id='word_1_507' title='bbox 2579 2608 2989 2677; x_wconf 75' lang='grc' dir='ltr'>παραϐαἰνοντα.</span> <span class='ocrx_word' id='word_1_508' title='bbox 3041 2608 3216 2662; x_wconf 83' lang='grc' dir='ltr'>Δῐτιον</span> <span class='ocrx_word' id='word_1_509' title='bbox 3267 2607 3323 2660; x_wconf 83' lang='grc' dir='ltr'>δὲ</span> <span class='ocrx_word' id='word_1_510' title='bbox 3359 2609 3455 2677; x_wconf 82' lang='grc' dir='ltr'><strong>τῆς</strong></span> <span class='ocrx_word' id='word_1_511' title='bbox 3486 2606 3687 2660; x_wconf 83' lang='grc' dir='ltr'>τούτων</span> <span class='ocrx_word' id='word_1_512' title='bbox 3728 2608 3975 2659; x_wconf 82' lang='grc' dir='ltr'>ἁπάντων</span> 
     </span>
    </p>
   </div>
   <div class='ocr_carea' id='block_1_70' title="bbox 2429 2695 3976 2770">
    <p class='ocr_par' dir='ltr' id='par_1_70' title="bbox 2429 2695 3976 2770">
     <span class='ocr_line' id='line_1_70' title="bbox 2429 2695 3976 2770; baseline 0.001 -22"><span class='ocrx_word' id='word_1_513' title='bbox 2429 2695 2685 2768; x_wconf 83' lang='grc' dir='ltr'>διαμονῆς</span> <span class='ocrx_word' id='word_1_514' title='bbox 2717 2700 2775 2750; x_wconf 87' lang='grc' dir='ltr'><strong>τὸ</strong></span> <span class='ocrx_word' id='word_1_515' title='bbox 2829 2699 2886 2750; x_wconf 83' lang='grc' dir='ltr'>σὲ</span> <span class='ocrx_word' id='word_1_516' title='bbox 2922 2700 3076 2769; x_wconf 88' lang='grc' dir='ltr'>μόνον</span> <span class='ocrx_word' id='word_1_517' title='bbox 3116 2699 3315 2770; x_wconf 85' lang='grc' dir='ltr'>Κύριον</span> <span class='ocrx_word' id='word_1_518' title='bbox 3348 2695 3484 2752; x_wconf 80' lang='grc' dir='ltr'>εἶναι</span> <span class='ocrx_word' id='word_1_519' title='bbox 3525 2699 3633 2752; x_wconf 80' lang='grc' dir='ltr'>τῶν</span> <span class='ocrx_word' id='word_1_520' title='bbox 3680 2698 3813 2751; x_wconf 83' lang='grc' dir='ltr'>ὅλων</span> <span class='ocrx_word' id='word_1_521' title='bbox 3849 2715 3863 2728; x_wconf 82' lang='grc'><strong>’</strong></span> <span class='ocrx_word' id='word_1_522' title='bbox 3907 2698 3976 2750; x_wconf 83' lang='grc' dir='ltr'>τὰ</span> 
     </span>
    </p>
   </div>
   <div class='ocr_carea' id='block_1_71' title="bbox 2428 2783 3972 2852">
    <p class='ocr_par' dir='ltr' id='par_1_71' title="bbox 2428 2783 3972 2852">
     <span class='ocr_line' id='line_1_71' title="bbox 2428 2783 3972 2852; baseline 0.003 -16"><span class='ocrx_word' id='word_1_523' title='bbox 2428 2783 2485 2837; x_wconf 87' lang='grc' dir='ltr'>δὲ</span> <span class='ocrx_word' id='word_1_524' title='bbox 2517 2787 2671 2839; x_wconf 80' lang='grc' dir='ltr'>λοιπὰ</span> <span class='ocrx_word' id='word_1_525' title='bbox 2717 2787 2892 2840; x_wconf 84' lang='grc' dir='ltr'>πάντα</span> <span class='ocrx_word' id='word_1_526' title='bbox 2935 2794 3003 2837; x_wconf 78' lang='grc' dir='ltr'><strong>σα</strong></span> <span class='ocrx_word' id='word_1_527' title='bbox 3029 2787 3218 2852; x_wconf 80' lang='grc' dir='ltr'>δοῦλα,</span> <span class='ocrx_word' id='word_1_528' title='bbox 3274 2790 3367 2841; x_wconf 79' lang='grc' dir='ltr'>καὶ</span> <span class='ocrx_word' id='word_1_529' title='bbox 3409 2789 3482 2851; x_wconf 83' lang='grc' dir='ltr'><strong>ὡς</strong></span> <span class='ocrx_word' id='word_1_530' title='bbox 3518 2786 3681 2842; x_wconf 90' lang='grc' dir='ltr'>δοῦλα</span> <span class='ocrx_word' id='word_1_531' title='bbox 3716 2788 3972 2842; x_wconf 78' lang='grc' dir='ltr'>ὑποτέτα-</span> 
     </span>
    </p>
   </div>
   <div class='ocr_carea' id='block_1_72' title="bbox 2430 2891 2572 2930">
    <p class='ocr_par' dir='ltr' id='par_1_72' title="bbox 2430 2891 2572 2930">
     <span class='ocr_line' id='line_1_72' title="bbox 2430 2891 2572 2930; baseline 0 -2"><span class='ocrx_word' id='word_1_532' title='bbox 2430 2891 2572 2930; x_wconf 82' lang='grc' dir='ltr'>κται.</span> 
     </span>
    </p>
   </div>
   <div class='ocr_carea' id='block_1_73' title="bbox 2499 2971 3975 3042">
    <p class='ocr_par' dir='ltr' id='par_1_73' title="bbox 2499 2971 3975 3042">
     <span class='ocr_line' id='line_1_73' title="bbox 2499 2971 3975 3042; baseline 0.002 -20"><span class='ocrx_word' id='word_1_533' title='bbox 2499 2973 2565 3022; x_wconf 80' lang='lat' dir='ltr'><strong>El</strong></span> <span class='ocrx_word' id='word_1_534' title='bbox 2599 2971 2683 3038; x_wconf 83' lang='grc' dir='ltr'>μὴ</span> <span class='ocrx_word' id='word_1_535' title='bbox 2714 2971 2804 3024; x_wconf 85' lang='grc' dir='ltr'>ὅτι</span> <span class='ocrx_word' id='word_1_536' title='bbox 2842 2974 2874 3024; x_wconf 83' lang='grc' dir='ltr'><strong>ό</strong></span> <span class='ocrx_word' id='word_1_537' title='bbox 2901 2973 3081 3039; x_wconf 86' lang='grc' dir='ltr'>νόμος</span> <span class='ocrx_word' id='word_1_538' title='bbox 3112 2988 3227 3026; x_wconf 90' lang='grc' dir='ltr'><strong>σου</strong></span> <span class='ocrx_word' id='word_1_539' title='bbox 3260 2973 3480 3040; x_wconf 80' lang='grc' dir='ltr'><strong>μελέτη</strong></span> <span class='ocrx_word' id='word_1_540' title='bbox 3513 2991 3632 3042; x_wconf 86' lang='grc' dir='ltr'><strong>μου</strong></span> <span class='ocrx_word' id='word_1_541' title='bbox 3658 2975 3811 3036; x_wconf 82' lang='grc' dir='ltr'>ἐστι,</span> <span class='ocrx_word' id='word_1_542' title='bbox 3846 2989 3975 3026; x_wconf 84' lang='grc' dir='ltr'>τοτε</span> 
     </span>
    </p>
   </div>
   <div class='ocr_carea' id='block_1_74' title="bbox 2430 3065 3972 3137">
    <p class='ocr_par' dir='ltr' id='par_1_74' title="bbox 2430 3065 3972 3137">
     <span class='ocr_line' id='line_1_74' title="bbox 2430 3065 3972 3137; baseline 0.001 -20"><span class='ocrx_word' id='word_1_543' title='bbox 2430 3065 2507 3117; x_wconf 80' lang='grc' dir='ltr'><strong>ἂν</strong></span> <span class='ocrx_word' id='word_1_544' title='bbox 2531 3067 2853 3134; x_wconf 78' lang='grc' dir='ltr'><strong>ἀπωλόμην</strong></span> <span class='ocrx_word' id='word_1_545' title='bbox 2891 3068 2958 3119; x_wconf 80' lang='grc' dir='ltr'><strong>ἐν</strong></span> <span class='ocrx_word' id='word_1_546' title='bbox 2983 3067 3058 3134; x_wconf 79' lang='grc' dir='ltr'>τῇ</span> <span class='ocrx_word' id='word_1_547' title='bbox 3089 3067 3436 3121; x_wconf 81' lang='grc' dir='ltr'>ταπεινώσει</span> <span class='ocrx_word' id='word_1_548' title='bbox 3471 3085 3609 3135; x_wconf 81' lang='grc' dir='ltr'>μου.</span> <span class='ocrx_word' id='word_1_549' title='bbox 3637 3067 3862 3137; x_wconf 77' lang='grc' dir='ltr'><strong>Εἴρηται</strong></span> <span class='ocrx_word' id='word_1_550' title='bbox 3899 3069 3972 3130; x_wconf 84' lang='grc' dir='ltr'><strong>ὡς</strong></span> 
     </span>
    </p>
   </div>
   <div class='ocr_carea' id='block_1_75' title="bbox 2425 3156 3976 3228">
    <p class='ocr_par' dir='ltr' id='par_1_75' title="bbox 2425 3156 3976 3228">
     <span class='ocr_line' id='line_1_75' title="bbox 2425 3156 3976 3228; baseline 0.002 -21"><span class='ocrx_word' id='word_1_551' title='bbox 2425 3158 2454 3207; x_wconf 85' lang='grc' dir='ltr'><strong>ό</strong></span> <span class='ocrx_word' id='word_1_552' title='bbox 2486 3156 2672 3227; x_wconf 83' lang='grc' dir='ltr'>καιρὸς</span> <span class='ocrx_word' id='word_1_553' title='bbox 2704 3157 2809 3210; x_wconf 81' lang='grc' dir='ltr'><strong>τῶν</strong></span> <span class='ocrx_word' id='word_1_554' title='bbox 2856 3157 3170 3228; x_wconf 85' lang='grc' dir='ltr'>πειρασμῶν</span> <span class='ocrx_word' id='word_1_555' title='bbox 3212 3158 3306 3210; x_wconf 79' lang='grc' dir='ltr'>καὶ</span> <span class='ocrx_word' id='word_1_556' title='bbox 3345 3157 3452 3209; x_wconf 83' lang='grc' dir='ltr'>τῶν</span> <span class='ocrx_word' id='word_1_557' title='bbox 3481 3157 3844 3227; x_wconf 86' lang='grc' dir='ltr'>περιστάσεων</span> <span class='ocrx_word' id='word_1_558' title='bbox 3890 3175 3976 3210; x_wconf 85' lang='grc' dir='ltr'>τα-</span> 
     </span>
    </p>
   </div>
   <div class='ocr_carea' id='block_1_76' title="bbox 2427 3247 3974 3320">
    <p class='ocr_par' dir='ltr' id='par_1_76' title="bbox 2427 3247 3974 3320">
     <span class='ocr_line' id='line_1_76' title="bbox 2427 3247 3974 3320; baseline 0 -22"><span class='ocrx_word' id='word_1_559' title='bbox 2427 3248 2679 3310; x_wconf 84' lang='grc' dir='ltr'>πείνωσις</span> <span class='ocrx_word' id='word_1_560' title='bbox 2709 3247 3042 3318; x_wconf 79' lang='grc' dir='ltr'>ὀνομάζεται.</span> <span class='ocrx_word' id='word_1_561' title='bbox 3080 3249 3364 3317; x_wconf 86' lang='grc' dir='ltr'>Μακαρίου</span> <span class='ocrx_word' id='word_1_562' title='bbox 3393 3247 3571 3300; x_wconf 84' lang='grc' dir='ltr'>τοίνυν</span> <span class='ocrx_word' id='word_1_563' title='bbox 3607 3249 3752 3300; x_wconf 62' lang='grc' dir='ltr'>ἐστὶν</span> <span class='ocrx_word' id='word_1_564' title='bbox 3786 3248 3974 3320; x_wconf 79' lang='grc' dir='ltr'>ἀνδρὸς</span> 
     </span>
    </p>
   </div>
   <div class='ocr_carea' id='block_1_77' title="bbox 2425 3339 3968 3410">
    <p class='ocr_par' dir='ltr' id='par_1_77' title="bbox 2425 3339 3968 3410">
     <span class='ocr_line' id='line_1_77' title="bbox 2425 3339 3968 3410; baseline 0.001 -20"><span class='ocrx_word' id='word_1_565' title='bbox 2425 3339 2485 3390; x_wconf 86' lang='grc' dir='ltr'><strong>τὸ</strong></span> <span class='ocrx_word' id='word_1_566' title='bbox 2512 3339 2756 3406; x_wconf 87' lang='grc' dir='ltr'>γενέσθαι</span> <span class='ocrx_word' id='word_1_567' title='bbox 2788 3342 2852 3402; x_wconf 71' lang='grc' dir='ltr'>ὲν,</span> <span class='ocrx_word' id='word_1_568' title='bbox 2888 3344 2954 3409; x_wconf 81' lang='grc' dir='ltr'>τῇ</span> <span class='ocrx_word' id='word_1_569' title='bbox 3006 3339 3350 3403; x_wconf 87' lang='grc' dir='ltr'>ταπεινώσει,</span> <span class='ocrx_word' id='word_1_570' title='bbox 3393 3341 3486 3392; x_wconf 81' lang='grc' dir='ltr'><strong>καὶ</strong></span> <span class='ocrx_word' id='word_1_571' title='bbox 3524 3339 3596 3410; x_wconf 86' lang='grc' dir='ltr'>μὴ</span> <span class='ocrx_word' id='word_1_572' title='bbox 3646 3339 3968 3393; x_wconf 78' lang='grc' dir='ltr'>ἀπολέσθαι·</span> 
     </span>
    </p>
   </div>
   <div class='ocr_carea' id='block_1_78' title="bbox 2415 3429 3973 3504">
    <p class='ocr_par' dir='ltr' id='par_1_78' title="bbox 2415 3429 3973 3504">
     <span class='ocr_line' id='line_1_78' title="bbox 2415 3429 3973 3504; baseline 0.003 -24"><span class='ocrx_word' id='word_1_573' title='bbox 2415 3430 2583 3504; x_wconf 16' lang='grc' dir='ltr'>,οἱονεὶ</span> <span class='ocrx_word' id='word_1_574' title='bbox 2612 3429 2841 3498; x_wconf 82' lang='grc' dir='ltr'>ἐλήλυθα</span> <span class='ocrx_word' id='word_1_575' title='bbox 2871 3432 2950 3493; x_wconf 86' lang='grc' dir='ltr'>είς</span> <span class='ocrx_word' id='word_1_576' title='bbox 2985 3431 3282 3504; x_wconf 82' lang='grc' dir='ltr'>πειρασμὸν</span> <span class='ocrx_word' id='word_1_577' title='bbox 3332 3431 3628 3503; x_wconf 86' lang='grc' dir='ltr'>μαρτυρίου</span> <span class='ocrx_word' id='word_1_578' title='bbox 3651 3447 3663 3460; x_wconf 79' lang='lat'><strong><em>°</em></strong></span> <span class='ocrx_word' id='word_1_579' title='bbox 3711 3432 3760 3482; x_wconf 81' lang='lat' dir='ltr'><strong>si</strong></span> <span class='ocrx_word' id='word_1_580' title='bbox 3807 3432 3903 3499; x_wconf 84' lang='grc' dir='ltr'><strong>μὲν</strong></span> <span class='ocrx_word' id='word_1_581' title='bbox 3945 3433 3973 3485; x_wconf 82' lang='grc' dir='ltr'>ὁ</span> 
     </span>
    </p>
   </div>
   <div class='ocr_carea' id='block_1_79' title="bbox 2423 3516 3970 3591">
    <p class='ocr_par' dir='ltr' id='par_1_79' title="bbox 2423 3516 3970 3591">
     <span class='ocr_line' id='line_1_79' title="bbox 2423 3516 3970 3591; baseline -0.001 -19"><span class='ocrx_word' id='word_1_582' title='bbox 2423 3519 2581 3587; x_wconf 88' lang='grc' dir='ltr'>νόμος</span> <span class='ocrx_word' id='word_1_583' title='bbox 2609 3519 2700 3571; x_wconf 79' lang='grc' dir='ltr'><strong>τοῦ</strong></span> <span class='ocrx_word' id='word_1_584' title='bbox 2735 3519 2867 3573; x_wconf 90' lang='grc' dir='ltr'>Θεοῦ</span> <span class='ocrx_word' id='word_1_585' title='bbox 2905 3520 3099 3590; x_wconf 84' lang='grc' dir='ltr'>μελέτη</span> <span class='ocrx_word' id='word_1_586' title='bbox 3152 3537 3250 3590; x_wconf 88' lang='grc' dir='ltr'><strong>μου</strong></span> <span class='ocrx_word' id='word_1_587' title='bbox 3291 3516 3359 3591; x_wconf 78' lang='grc' dir='ltr'>ἦν</span> <span class='ocrx_word' id='word_1_588' title='bbox 3399 3521 3484 3572; x_wconf 61' lang='grc' dir='ltr'><strong>ἀεῖ⁴</strong></span> <span class='ocrx_word' id='word_1_589' title='bbox 3529 3519 3634 3590; x_wconf 82' lang='grc' dir='ltr'><strong>πρὸ</strong></span> <span class='ocrx_word' id='word_1_590' title='bbox 3677 3519 3768 3571; x_wconf 88' lang='grc' dir='ltr'><strong>τοῦ</strong></span> <span class='ocrx_word' id='word_1_591' title='bbox 3803 3521 3970 3590; x_wconf 77' lang='grc' dir='ltr'>ἐμπε-</span> 
     </span>
    </p>
   </div>
   <div class='ocr_carea' id='block_1_80' title="bbox 2424 3608 3970 3680">
    <p class='ocr_par' dir='ltr' id='par_1_80' title="bbox 2424 3608 3970 3680">
     <span class='ocr_line' id='line_1_80' title="bbox 2424 3608 3970 3680; baseline 0.002 -21"><span class='ocrx_word' id='word_1_592' title='bbox 2424 3611 2556 3671; x_wconf 89' lang='grc' dir='ltr'>σεῖν,</span> <span class='ocrx_word' id='word_1_593' title='bbox 2607 3609 2696 3661; x_wconf 75' lang='grc' dir='ltr'><strong>καὶ</strong></span> <span class='ocrx_word' id='word_1_594' title='bbox 2731 3611 2930 3680; x_wconf 75' lang='grc' dir='ltr'>ἤσκουν</span> <span class='ocrx_word' id='word_1_595' title='bbox 2961 3610 3140 3673; x_wconf 79' lang='grc' dir='ltr'>αὐτὸν,</span> <span class='ocrx_word' id='word_1_596' title='bbox 3184 3608 3353 3662; x_wconf 77' lang='grc' dir='ltr'>ἐλθὼν</span> <span class='ocrx_word' id='word_1_597' title='bbox 3397 3611 3488 3662; x_wconf 81' lang='grc' dir='ltr'><strong>ἐπὶ</strong></span> <span class='ocrx_word' id='word_1_598' title='bbox 3519 3609 3616 3680; x_wconf 84' lang='grc' dir='ltr'>τὴν</span> <span class='ocrx_word' id='word_1_599' title='bbox 3648 3610 3970 3662; x_wconf 82' lang='grc' dir='ltr'>ταπείνωσιν</span> 
     </span>
    </p>
   </div>
   <div class='ocr_carea' id='block_1_81' title="bbox 2420 3697 3970 3775">
    <p class='ocr_par' dir='ltr' id='par_1_81' title="bbox 2420 3697 3970 3775">
     <span class='ocr_line' id='line_1_81' title="bbox 2420 3697 3970 3775; baseline 0.001 -26"><span class='ocrx_word' id='word_1_600' title='bbox 2420 3697 2516 3768; x_wconf 80' lang='grc' dir='ltr'>τὴν</span> <span class='ocrx_word' id='word_1_601' title='bbox 2549 3700 2687 3752; x_wconf 86' lang='grc' dir='ltr'>κατὰ</span> <span class='ocrx_word' id='word_1_602' title='bbox 2713 3700 2804 3752; x_wconf 83' lang='grc' dir='ltr'><strong>τὸν</strong></span> <span class='ocrx_word' id='word_1_603' title='bbox 2843 3701 3142 3772; x_wconf 81' lang='grc' dir='ltr'>πειρασμὸν</span> <span class='ocrx_word' id='word_1_604' title='bbox 3186 3698 3280 3752; x_wconf 90' lang='grc' dir='ltr'><strong>τοῦ</strong></span> <span class='ocrx_word' id='word_1_605' title='bbox 3323 3700 3641 3775; x_wconf 79' lang='grc' dir='ltr'>μαρτυρίου,</span> <span class='ocrx_word' id='word_1_606' title='bbox 3679 3701 3777 3752; x_wconf 76' lang='grc' dir='ltr'><strong>οὐκ</strong></span> <span class='ocrx_word' id='word_1_607' title='bbox 3807 3700 3970 3752; x_wconf 86' lang='grc' dir='ltr'>ἀπόλ-</span> 
     </span>
    </p>
   </div>
   <div class='ocr_carea' id='block_1_82' title="bbox 2421 3788 3966 3863">
    <p class='ocr_par' dir='ltr' id='par_1_82' title="bbox 2421 3788 3966 3863">
     <span class='ocr_line' id='line_1_82' title="bbox 2421 3788 3966 3863; baseline 0.002 -22"><span class='ocrx_word' id='word_1_608' title='bbox 2421 3788 2604 3859; x_wconf 87' lang='grc' dir='ltr'>λυμαι.</span> <span class='ocrx_word' id='word_1_609' title='bbox 2641 3791 2825 3854; x_wconf 78' lang='grc' dir='ltr'>Οὕτως</span> <span class='ocrx_word' id='word_1_610' title='bbox 2861 3792 3086 3863; x_wconf 80' lang='grc' dir='ltr'>ἁρμόζει</span> <span class='ocrx_word' id='word_1_611' title='bbox 3130 3795 3223 3847; x_wconf 72' lang='grc' dir='ltr'>καὶ</span> <span class='ocrx_word' id='word_1_612' title='bbox 3270 3793 3362 3844; x_wconf 80' lang='grc' dir='ltr'>ἐπὶ</span> <span class='ocrx_word' id='word_1_613' title='bbox 3421 3791 3617 3854; x_wconf 84' lang='grc' dir='ltr'>παντὸς</span> <span class='ocrx_word' id='word_1_614' title='bbox 3664 3791 3966 3862; x_wconf 77' lang='grc' dir='ltr'>πειρασμοῦ</span> 
     </span>
    </p>
   </div>
   <div class='ocr_carea' id='block_1_83' title="bbox 2420 3881 3967 3954">
    <p class='ocr_par' dir='ltr' id='par_1_83' title="bbox 2420 3881 3967 3954">
     <span class='ocr_line' id='line_1_83' title="bbox 2420 3881 3967 3954; baseline 0.002 -21"><span class='ocrx_word' id='word_1_615' title='bbox 2420 3883 2621 3953; x_wconf 72' lang='grc' dir='ltr'>εἰπεῖν·</span> <span class='ocrx_word' id='word_1_616' title='bbox 2654 3881 2802 3934; x_wconf 83' lang='grc' dir='ltr'>ἀλλὰ·</span> <span class='ocrx_word' id='word_1_617' title='bbox 2833 3883 2927 3936; x_wconf 78' lang='grc' dir='ltr'>καὶ</span> <span class='ocrx_word' id='word_1_618' title='bbox 2962 3883 3068 3937; x_wconf 82' lang='grc' dir='ltr'>τῶν</span> <span class='ocrx_word' id='word_1_619' title='bbox 3115 3883 3362 3954; x_wconf 83' lang='grc' dir='ltr'>πονηρῶν</span> <span class='ocrx_word' id='word_1_620' title='bbox 3393 3883 3662 3953; x_wconf 84' lang='grc' dir='ltr'>λογισμῶν</span> <span class='ocrx_word' id='word_1_621' title='bbox 3716 3885 3808 3936; x_wconf 80' lang='grc' dir='ltr'><strong>καὶ</strong></span> <span class='ocrx_word' id='word_1_622' title='bbox 3861 3883 3967 3936; x_wconf 83' lang='grc' dir='ltr'><strong>τῶν</strong></span> 
     </span>
    </p>
   </div>
   <div class='ocr_carea' id='block_1_84' title="bbox 2419 3957 3967 4046">
    <p class='ocr_par' dir='ltr' id='par_1_84' title="bbox 2419 3957 3967 4046">
     <span class='ocr_line' id='line_1_84' title="bbox 2419 3957 3967 4046; baseline 0.002 -23"><span class='ocrx_word' id='word_1_623' title='bbox 2419 3972 2804 4040; x_wconf 81' lang='grc' dir='ltr'>ἀντικειμένων</span> <span class='ocrx_word' id='word_1_624' title='bbox 2852 3972 3126 4043; x_wconf 81' lang='grc' dir='ltr'>δυνάμεων</span> <span class='ocrx_word' id='word_1_625' title='bbox 3162 3957 3508 4046; x_wconf 85' lang='grc' dir='ltr'>πολεμοὐσῶν</span> <span class='ocrx_word' id='word_1_626' title='bbox 3541 3976 3680 4043; x_wconf 84' lang='grc' dir='ltr'>ὲμοί.</span> <span class='ocrx_word' id='word_1_627' title='bbox 3715 3972 3874 4044; x_wconf 80' lang='grc' dir='ltr'>Εἶχον</span> <span class='ocrx_word' id='word_1_628' title='bbox 3901 3973 3967 4026; x_wconf 85' lang='grc' dir='ltr'><strong>ἂν</strong></span> 
     </span>
    </p>
   </div>
   <div class='ocr_carea' id='block_1_85' title="bbox 2418 4059 3963 4134">
    <p class='ocr_par' dir='ltr' id='par_1_85' title="bbox 2418 4059 3963 4134">
     <span class='ocr_line' id='line_1_85' title="bbox 2418 4059 3963 4134; baseline 0.001 -20"><span class='ocrx_word' id='word_1_629' title='bbox 2418 4059 2756 4126; x_wconf 83' lang='grc' dir='ltr'>ἀπολεῖσθαι,</span> <span class='ocrx_word' id='word_1_630' title='bbox 2805 4065 2853 4115; x_wconf 84' lang='grc' dir='ltr'><strong>εί</strong></span> <span class='ocrx_word' id='word_1_631' title='bbox 2897 4063 2986 4134; x_wconf 60' lang='grc' dir='ltr'><strong>μὴ’</strong></span> <span class='ocrx_word' id='word_1_632' title='bbox 3014 4063 3165 4126; x_wconf 70' lang='grc' dir='ltr'>δοὺς</span> <span class='ocrx_word' id='word_1_633' title='bbox 3209 4063 3369 4133; x_wconf 86' lang='grc' dir='ltr'>νόμος</span> <span class='ocrx_word' id='word_1_634' title='bbox 3413 4065 3808 4134; x_wconf 85' lang='grc' dir='ltr'>ἁντιστήριγμά</span> <span class='ocrx_word' id='word_1_635' title='bbox 3865 4082 3963 4134; x_wconf 87' lang='grc' dir='ltr'><strong>μου</strong></span> 
     </span>
    </p>
   </div>
   <div class='ocr_carea' id='block_1_86' title="bbox 2417 4154 2655 4224">
    <p class='ocr_par' dir='ltr' id='par_1_86' title="bbox 2417 4154 2655 4224">
     <span class='ocr_line' id='line_1_86' title="bbox 2417 4154 2655 4224; baseline 0.013 -18"><span class='ocrx_word' id='word_1_636' title='bbox 2417 4154 2655 4224; x_wconf 77' lang='grc' dir='ltr'>γένηται.</span> 
     </span>
    </p>
   </div>
   <div class='ocr_carea' id='block_1_87' title="bbox 2428 4242 3960 4313">
    <p class='ocr_par' dir='ltr' id='par_1_87' title="bbox 2428 4242 3960 4313">
     <span class='ocr_line' id='line_1_87' title="bbox 2428 4242 3960 4313; baseline 0 -17"><span class='ocrx_word' id='word_1_637' title='bbox 2428 4276 2434 4287; x_wconf 85' lang='grc'><strong><em>-</em></strong></span> <span class='ocrx_word' id='word_1_638' title='bbox 2477 4246 2578 4309; x_wconf 84' lang='grc' dir='ltr'><strong>Εὶς</strong></span> <span class='ocrx_word' id='word_1_639' title='bbox 2613 4245 2719 4298; x_wconf 76' lang='grc' dir='ltr'><strong>τὸν</strong></span> <span class='ocrx_word' id='word_1_640' title='bbox 2753 4243 2934 4297; x_wconf 80' lang='grc' dir='ltr'>αἰῶνα</span> <span class='ocrx_word' id='word_1_641' title='bbox 2962 4246 3034 4298; x_wconf 86' lang='grc' dir='ltr'>οὐ</span> <span class='ocrx_word' id='word_1_642' title='bbox 3060 4245 3144 4313; x_wconf 83' lang='grc' dir='ltr'>μὴ</span> <span class='ocrx_word' id='word_1_643' title='bbox 3185 4242 3545 4312; x_wconf 73' lang='grc' dir='ltr'>ἐπιλάθωμαι</span> <span class='ocrx_word' id='word_1_644' title='bbox 3582 4242 3698 4296; x_wconf 82' lang='grc' dir='ltr'><strong>τῶν</strong></span> <span class='ocrx_word' id='word_1_645' title='bbox 3735 4243 3960 4296; x_wconf 79' lang='grc' dir='ltr'>δικαιω-</span> 
     </span>
    </p>
   </div>
   <div class='ocr_carea' id='block_1_88' title="bbox 2410 4334 3962 4405">
    <p class='ocr_par' dir='ltr' id='par_1_88' title="bbox 2410 4334 3962 4405">
     <span class='ocr_line' id='line_1_88' title="bbox 2410 4334 3962 4405; baseline -0.002 -16"><span class='ocrx_word' id='word_1_646' title='bbox 2410 4335 2611 4405; x_wconf 71' lang='grc' dir='ltr'>μάτων</span> <span class='ocrx_word' id='word_1_647' title='bbox 2624 4350 2762 4399; x_wconf 85' lang='grc' dir='ltr'>σου,</span> <span class='ocrx_word' id='word_1_648' title='bbox 2790 4337 2876 4389; x_wconf 86' lang='grc' dir='ltr'>ὅτι</span> <span class='ocrx_word' id='word_1_649' title='bbox 2897 4338 2965 4389; x_wconf 72' lang='grc' dir='ltr'>ἐν</span> <span class='ocrx_word' id='word_1_650' title='bbox 2982 4336 3183 4402; x_wconf 84' lang='grc' dir='ltr'>αὐτοῖς</span> <span class='ocrx_word' id='word_1_651' title='bbox 3207 4334 3420 4403; x_wconf 77' lang='grc' dir='ltr'><strong>ἕζησάς</strong></span> <span class='ocrx_word' id='word_1_652' title='bbox 3433 4352 3527 4404; x_wconf 84' lang='grc' dir='ltr'>με.</span> <span class='ocrx_word' id='word_1_653' title='bbox 3561 4335 3719 4388; x_wconf 81' lang='grc' dir='ltr'>Ἀλλὰ</span> <span class='ocrx_word' id='word_1_654' title='bbox 3753 4335 3962 4405; x_wconf 83' lang='grc' dir='ltr'>μεμνή-</span> 
     </span>
    </p>
   </div>
   <div class='ocr_carea' id='block_1_89' title="bbox 2417 4422 3961 4498">
    <p class='ocr_par' dir='ltr' id='par_1_89' title="bbox 2417 4422 3961 4498">
     <span class='ocr_line' id='line_1_89' title="bbox 2417 4422 3961 4498; baseline -0.001 -20"><span class='ocrx_word' id='word_1_655' title='bbox 2417 4444 2578 4496; x_wconf 85' lang='grc' dir='ltr'>σομαι</span> <span class='ocrx_word' id='word_1_656' title='bbox 2595 4427 2706 4480; x_wconf 82' lang='grc' dir='ltr'>τῶν</span> <span class='ocrx_word' id='word_1_657' title='bbox 2728 4427 3060 4498; x_wconf 83' lang='grc' dir='ltr'>μαθημάτων</span> <span class='ocrx_word' id='word_1_658' title='bbox 3084 4444 3196 4490; x_wconf 90' lang='grc' dir='ltr'>σου,</span> <span class='ocrx_word' id='word_1_659' title='bbox 3233 4422 3307 4480; x_wconf 80' lang='grc' dir='ltr'>ὧν</span> <span class='ocrx_word' id='word_1_660' title='bbox 3335 4427 3532 4497; x_wconf 80' lang='grc' dir='ltr'>ἔμαθον</span> <span class='ocrx_word' id='word_1_661' title='bbox 3561 4429 3617 4479; x_wconf 85' lang='grc' dir='ltr'>ὲν</span> <span class='ocrx_word' id='word_1_662' title='bbox 3647 4425 3722 4497; x_wconf 81' lang='grc' dir='ltr'>τῷ</span> <span class='ocrx_word' id='word_1_663' title='bbox 3747 4425 3866 4495; x_wconf 79' lang='grc' dir='ltr'>βίῳ”</span> <span class='ocrx_word' id='word_1_664' title='bbox 3897 4426 3961 4478; x_wconf 82' lang='grc' dir='ltr'>δι’</span> 
     </span>
    </p>
   </div>
   <div class='ocr_carea' id='block_1_90' title="bbox 2417 4515 3961 4589">
    <p class='ocr_par' dir='ltr' id='par_1_90' title="bbox 2417 4515 3961 4589">
     <span class='ocr_line' id='line_1_90' title="bbox 2417 4515 3961 4589; baseline -0.003 -17"><span class='ocrx_word' id='word_1_665' title='bbox 2417 4522 2596 4572; x_wconf 76' lang='grc' dir='ltr'>ἐκεῖνα</span> <span class='ocrx_word' id='word_1_666' title='bbox 2621 4519 2728 4589; x_wconf 83' lang='grc' dir='ltr'>γὰρ</span> <span class='ocrx_word' id='word_1_667' title='bbox 2758 4519 2863 4572; x_wconf 81' lang='grc' dir='ltr'>ἀπὸ</span> <span class='ocrx_word' id='word_1_668' title='bbox 2888 4519 2988 4588; x_wconf 83' lang='grc' dir='ltr'><strong>γῆς</strong></span> <span class='ocrx_word' id='word_1_669' title='bbox 3014 4519 3093 4580; x_wconf 81' lang='grc' dir='ltr'>είς</span> <span class='ocrx_word' id='word_1_670' title='bbox 3127 4519 3349 4587; x_wconf 78' lang='grc' dir='ltr'>οὐρανὸν</span> <span class='ocrx_word' id='word_1_671' title='bbox 3391 4515 3654 4586; x_wconf 80' lang='grc' dir='ltr'>μετελθὼν</span> <span class='ocrx_word' id='word_1_672' title='bbox 3689 4515 3820 4568; x_wconf 86' lang='grc' dir='ltr'>οίκῶ</span> <span class='ocrx_word' id='word_1_673' title='bbox 3846 4517 3961 4585; x_wconf 84' lang='grc' dir='ltr'>μετ’</span> 
     </span>
    </p>
   </div>
   <div class='ocr_carea' id='block_1_91' title="bbox 765 4607 2470 4682">
    <p class='ocr_par' dir='ltr' id='par_1_91' title="bbox 765 4607 2470 4682">
     <span class='ocr_line' id='line_1_91' title="bbox 765 4607 2470 4682; baseline -0.003 -15"><span class='ocrx_word' id='word_1_674' title='bbox 765 4610 896 4681; x_wconf 74' lang='lat' dir='ltr'><strong>gelis</strong></span> <span class='ocrx_word' id='word_1_675' title='bbox 942 4610 1146 4663; x_wconf 87' lang='lat' dir='ltr'><strong>habito.</strong></span> <span class='ocrx_word' id='word_1_676' title='bbox 1209 4607 1674 4674; x_wconf 84' lang='lat' dir='ltr'><strong>Quemadmodum</strong></span> <span class='ocrx_word' id='word_1_677' title='bbox 1723 4611 1866 4662; x_wconf 91' lang='lat' dir='ltr'><strong>enim</strong></span> <span class='ocrx_word' id='word_1_678' title='bbox 1913 4609 2003 4676; x_wconf 88' lang='lat' dir='ltr'><strong>qui</strong></span> <span class='ocrx_word' id='word_1_679' title='bbox 2056 4623 2120 4661; x_wconf 78' lang='lat' dir='ltr'><strong>ex</strong></span> <span class='ocrx_word' id='word_1_680' title='bbox 2163 4610 2312 4678; x_wconf 75' lang='lat' dir='ltr'><strong>gravi</strong></span> <span class='ocrx_word' id='word_1_681' title='bbox 2343 4611 2470 4682; x_wconf 62' lang='grc' dir='ltr'>υάγ</span> 
     </span>
    </p>
   </div>
   <div class='ocr_carea' id='block_1_92' title="bbox 2258 4607 3963 4682">
    <p class='ocr_par' dir='ltr' id='par_1_92' title="bbox 2265 4607 3963 4682">
     <span class='ocr_line' id='line_1_92' title="bbox 2265 4607 3963 4682; baseline -0.004 -20"><span class='ocrx_word' id='word_1_682' title='bbox 2265 4610 2312 4662; x_wconf 82' lang='lat' dir='ltr'><strong>vi</strong></span> <span class='ocrx_word' id='word_1_683' title='bbox 2343 4627 2390 4682; x_wconf 64' lang='grc' dir='ltr'><strong>υ</strong></span> <span class='ocrx_word' id='word_1_684' title='bbox 2417 4609 2676 4678; x_wconf 80' lang='grc' dir='ltr'>ἀγγέλων.</span> <span class='ocrx_word' id='word_1_685' title='bbox 2710 4611 2920 4679; x_wconf 85' lang='grc' dir='ltr'>Ὥσπερ</span> <span class='ocrx_word' id='word_1_686' title='bbox 2968 4608 3074 4678; x_wconf 82' lang='grc' dir='ltr'><strong>γὰρ</strong></span> <span class='ocrx_word' id='word_1_687' title='bbox 3125 4611 3153 4661; x_wconf 86' lang='grc' dir='ltr'>ὁ</span> <span class='ocrx_word' id='word_1_688' title='bbox 3203 4611 3265 4661; x_wconf 85' lang='grc' dir='ltr'>ὲκ</span> <span class='ocrx_word' id='word_1_689' title='bbox 3312 4607 3549 4678; x_wconf 83' lang='grc' dir='ltr'>μεγάλης</span> <span class='ocrx_word' id='word_1_690' title='bbox 3581 4608 3734 4660; x_wconf 90' lang='grc' dir='ltr'>νόσου</span> <span class='ocrx_word' id='word_1_691' title='bbox 3766 4607 3854 4660; x_wconf 76' lang='grc' dir='ltr'>διὰ</span> <span class='ocrx_word' id='word_1_692' title='bbox 3885 4623 3963 4658; x_wconf 87' lang='grc' dir='ltr'>τι-</span> 
     </span>
    </p>
   </div>
   <div class='ocr_carea' id='block_1_93' title="bbox 764 4700 2309 4757">
    <p class='ocr_par' dir='ltr' id='par_1_93' title="bbox 764 4700 2309 4757">
     <span class='ocr_line' id='line_1_93' title="bbox 764 4700 2309 4757; baseline -0.001 -1"><span class='ocrx_word' id='word_1_693' title='bbox 764 4703 955 4757; x_wconf 89' lang='lat' dir='ltr'><strong>morbo</strong></span> <span class='ocrx_word' id='word_1_694' title='bbox 988 4700 1319 4755; x_wconf 89' lang='lat' dir='ltr'><strong>medicorum</strong></span> <span class='ocrx_word' id='word_1_695' title='bbox 1351 4701 1608 4755; x_wconf 90' lang='lat' dir='ltr'><strong>subsidiis</strong></span> <span class='ocrx_word' id='word_1_696' title='bbox 1639 4702 1846 4754; x_wconf 86' lang='lat' dir='ltr'><strong>ﬁrmam</strong></span> <span class='ocrx_word' id='word_1_697' title='bbox 1874 4709 1927 4754; x_wconf 89' lang='lat' dir='ltr'><strong>et</strong></span> <span class='ocrx_word' id='word_1_698' title='bbox 1960 4701 2202 4755; x_wconf 89' lang='lat' dir='ltr'><strong>stabilem</strong></span> <span class='ocrx_word' id='word_1_699' title='bbox 2228 4717 2309 4755; x_wconf 87' lang='lat' dir='ltr'><strong>sa-</strong></span> 
     </span>
    </p>
   </div>
   <div class='ocr_carea' id='block_1_94' title="bbox 763 4790 2315 4860">
    <p class='ocr_par' dir='ltr' id='par_1_94' title="bbox 763 4790 2315 4860">
     <span class='ocr_line' id='line_1_94' title="bbox 763 4790 2315 4860; baseline -0.002 -14"><span class='ocrx_word' id='word_1_700' title='bbox 763 4794 988 4846; x_wconf 85' lang='lat' dir='ltr'><strong>nitatem</strong></span> <span class='ocrx_word' id='word_1_701' title='bbox 1020 4791 1236 4860; x_wconf 85' lang='lat' dir='ltr'><strong>accipit,</strong></span> <span class='ocrx_word' id='word_1_702' title='bbox 1266 4790 1410 4859; x_wconf 87' lang='lat' dir='ltr'><strong>quod</strong></span> <span class='ocrx_word' id='word_1_703' title='bbox 1441 4791 1729 4844; x_wconf 89' lang='lat' dir='ltr'><strong>incolumis</strong></span> <span class='ocrx_word' id='word_1_704' title='bbox 1763 4799 1814 4844; x_wconf 92' lang='lat' dir='ltr'><strong>et</strong></span> <span class='ocrx_word' id='word_1_705' title='bbox 1844 4790 1981 4844; x_wconf 88' lang='lat' dir='ltr'><strong>bona</strong></span> <span class='ocrx_word' id='word_1_706' title='bbox 2011 4791 2315 4844; x_wconf 84' lang='lat' dir='ltr'><strong>valetudine</strong></span> 
     </span>
    </p>
   </div>
   <div class='ocr_carea' id='block_1_95' title="bbox 765 4879 2317 4949">
    <p class='ocr_par' dir='ltr' id='par_1_95' title="bbox 765 4879 2317 4949">
     <span class='ocr_line' id='line_1_95' title="bbox 765 4879 2317 4949; baseline -0.003 -12"><span class='ocrx_word' id='word_1_707' title='bbox 765 4886 856 4948; x_wconf 76' lang='lat' dir='ltr'><strong>sit,</strong></span> <span class='ocrx_word' id='word_1_708' title='bbox 895 4898 1000 4936; x_wconf 89' lang='lat' dir='ltr'><strong>non</strong></span> <span class='ocrx_word' id='word_1_709' title='bbox 1040 4881 1160 4936; x_wconf 88' lang='lat' dir='ltr'><strong>ideo</strong></span> <span class='ocrx_word' id='word_1_710' title='bbox 1188 4881 1527 4936; x_wconf 83' lang='lat' dir='ltr'><strong>obliviscitur</strong></span> <span class='ocrx_word' id='word_1_711' title='bbox 1555 4879 1899 4941; x_wconf 83' lang='lat' dir='ltr'><strong>medicinam,</strong></span> <span class='ocrx_word' id='word_1_712' title='bbox 1934 4896 2039 4949; x_wconf 91' lang='lat' dir='ltr'><strong>qua</strong></span> <span class='ocrx_word' id='word_1_713' title='bbox 2085 4880 2200 4948; x_wconf 90' lang='lat' dir='ltr'><strong>ipse</strong></span> <span class='ocrx_word' id='word_1_714' title='bbox 2228 4898 2317 4935; x_wconf 63' lang='grc' dir='ltr'>εει»</span> 
     </span>
    </p>
   </div>
   <div class='ocr_carea' id='block_1_96' title="bbox 765 4970 2318 5046">
    <p class='ocr_par' dir='ltr' id='par_1_96' title="bbox 765 4970 2318 5046">
     <span class='ocr_line' id='line_1_96' title="bbox 765 4970 2318 5046; baseline -0.003 -19"><span class='ocrx_word' id='word_1_715' title='bbox 765 4975 984 5028; x_wconf 88' lang='lat' dir='ltr'><strong>nitatem</strong></span> <span class='ocrx_word' id='word_1_716' title='bbox 1009 4982 1334 5027; x_wconf 84' lang='lat' dir='ltr'><strong>consecutus</strong></span> <span class='ocrx_word' id='word_1_717' title='bbox 1361 4979 1474 5038; x_wconf 91' lang='lat' dir='ltr'><strong>est;</strong></span> <span class='ocrx_word' id='word_1_718' title='bbox 1500 4973 1572 5024; x_wconf 85' lang='lat' dir='ltr'><strong>ita</strong></span> <span class='ocrx_word' id='word_1_719' title='bbox 1595 4972 1702 5026; x_wconf 82' lang='lat' dir='ltr'><strong>iste</strong></span> <span class='ocrx_word' id='word_1_720' title='bbox 1730 4978 1950 5025; x_wconf 89' lang='lat' dir='ltr'><strong>sanctus</strong></span> <span class='ocrx_word' id='word_1_721' title='bbox 1975 4987 2004 5023; x_wconf 92' lang='lat' dir='ltr'><strong>a</strong></span> <span class='ocrx_word' id='word_1_722' title='bbox 2029 4970 2138 5046; x_wconf 80' lang='lat' dir='ltr'><strong>Deo</strong></span> <span class='ocrx_word' id='word_1_723' title='bbox 2162 4971 2318 5037; x_wconf 87' lang='lat' dir='ltr'><strong>justi-</strong></span> 
     </span>
    </p>
   </div>
   <div class='ocr_carea' id='block_1_97' title="bbox 765 5061 2315 5137">
    <p class='ocr_par' dir='ltr' id='par_1_97' title="bbox 765 5061 2315 5137">
     <span class='ocr_line' id='line_1_97' title="bbox 765 5061 2315 5137; baseline -0.002 -19"><span class='ocrx_word' id='word_1_724' title='bbox 765 5064 1106 5118; x_wconf 84' lang='lat' dir='ltr'><strong>ﬁcationibus</strong></span> <span class='ocrx_word' id='word_1_725' title='bbox 1124 5077 1262 5137; x_wconf 85' lang='lat' dir='ltr'><strong>quas</strong></span> <span class='ocrx_word' id='word_1_726' title='bbox 1296 5063 1504 5131; x_wconf 88' lang='lat' dir='ltr'><strong>accepit</strong></span> <span class='ocrx_word' id='word_1_727' title='bbox 1537 5061 1864 5126; x_wconf 80' lang='lat' dir='ltr'><strong>vivificatus,</strong></span> <span class='ocrx_word' id='word_1_728' title='bbox 1896 5078 1990 5131; x_wconf 87' lang='lat' dir='ltr'><strong>per</strong></span> <span class='ocrx_word' id='word_1_729' title='bbox 2023 5078 2183 5116; x_wconf 87' lang='lat' dir='ltr'><strong>omne</strong></span> <span class='ocrx_word' id='word_1_730' title='bbox 2216 5078 2315 5115; x_wconf 66' lang='lat' dir='ltr'><strong>sa“:-</strong></span> 
     </span>
    </p>
   </div>
   <div class='ocr_carea' id='block_1_98' title="bbox 763 5153 2317 5216">
    <p class='ocr_par' dir='ltr' id='par_1_98' title="bbox 763 5153 2317 5216">
     <span class='ocr_line' id='line_1_98' title="bbox 763 5153 2317 5216; baseline -0.002 -6"><span class='ocrx_word' id='word_1_731' title='bbox 763 5156 943 5210; x_wconf 89' lang='lat' dir='ltr'><strong>culum</strong></span> <span class='ocrx_word' id='word_1_732' title='bbox 976 5158 1050 5209; x_wconf 91' lang='lat' dir='ltr'><strong>ait</strong></span> <span class='ocrx_word' id='word_1_733' title='bbox 1083 5171 1141 5210; x_wconf 82' lang='lat' dir='ltr'><strong>se</strong></span> <span class='ocrx_word' id='word_1_734' title='bbox 1165 5169 1349 5211; x_wconf 86' lang='lat' dir='ltr'><strong>earum</strong></span> <span class='ocrx_word' id='word_1_735' title='bbox 1386 5155 1606 5207; x_wconf 90' lang='lat' dir='ltr'><strong>minime</strong></span> <span class='ocrx_word' id='word_1_736' title='bbox 1635 5154 1861 5206; x_wconf 85' lang='lat' dir='ltr'><strong>oblitum</strong></span> <span class='ocrx_word' id='word_1_737' title='bbox 1898 5153 1998 5216; x_wconf 88' lang='lat' dir='ltr'><strong>iri;</strong></span> <span class='ocrx_word' id='word_1_738' title='bbox 2029 5154 2169 5207; x_wconf 89' lang='lat' dir='ltr'><strong>banc</strong></span> <span class='ocrx_word' id='word_1_739' title='bbox 2193 5155 2317 5207; x_wconf 88' lang='lat' dir='ltr'><strong>red-</strong></span> 
     </span>
    </p>
   </div>
   <div class='ocr_carea' id='block_1_99' title="bbox 762 5243 2238 5310">
    <p class='ocr_par' dir='ltr' id='par_1_99' title="bbox 762 5243 2238 5310">
     <span class='ocr_line' id='line_1_99' title="bbox 762 5243 2238 5310; baseline -0.003 -7"><span class='ocrx_word' id='word_1_740' title='bbox 762 5248 894 5303; x_wconf 88' lang='lat' dir='ltr'><strong>dens</strong></span> <span class='ocrx_word' id='word_1_741' title='bbox 925 5248 1217 5310; x_wconf 89' lang='lat' dir='ltr'><strong>rationem,</strong></span> <span class='ocrx_word' id='word_1_742' title='bbox 1245 5261 1303 5300; x_wconf 89' lang='lat' dir='ltr'><strong>se</strong></span> <span class='ocrx_word' id='word_1_743' title='bbox 1343 5245 1396 5296; x_wconf 93' lang='lat' dir='ltr'><strong>in</strong></span> <span class='ocrx_word' id='word_1_744' title='bbox 1429 5244 1495 5298; x_wconf 90' lang='lat' dir='ltr'><strong>iis</strong></span> <span class='ocrx_word' id='word_1_745' title='bbox 1524 5259 1552 5296; x_wconf 91' lang='lat' dir='ltr'><strong>a</strong></span> <span class='ocrx_word' id='word_1_746' title='bbox 1597 5243 1704 5297; x_wconf 88' lang='lat' dir='ltr'><strong>Deo</strong></span> <span class='ocrx_word' id='word_1_747' title='bbox 1734 5244 2061 5298; x_wconf 81' lang='lat' dir='ltr'><strong>vivificatum</strong></span> <span class='ocrx_word' id='word_1_748' title='bbox 2099 5259 2238 5299; x_wconf 84' lang='lat' dir='ltr'><strong>esse.</strong></span> 
     </span>
    </p>
   </div>
   <div class='ocr_carea' id='block_1_100' title="bbox 832 5423 2310 5494">
    <p class='ocr_par' dir='ltr' id='par_1_100' title="bbox 832 5423 2310 5494">
     <span class='ocr_line' id='line_1_100' title="bbox 832 5423 2310 5494; baseline -0.001 -16"><span class='ocrx_word' id='word_1_749' title='bbox 832 5425 994 5478; x_wconf 70' lang='lat' dir='ltr'><strong>Vens.</strong></span> <span class='ocrx_word' id='word_1_750' title='bbox 1020 5424 1201 5479; x_wconf 59' lang='lat'><strong>94-96.</strong></span> <span class='ocrx_word' id='word_1_751' title='bbox 1227 5424 1368 5476; x_wconf 83' lang='lat' dir='ltr'><strong>Tuus</strong></span> <span class='ocrx_word' id='word_1_752' title='bbox 1397 5439 1510 5474; x_wconf 77' lang='lat' dir='ltr'><strong>sum</strong></span> <span class='ocrx_word' id='word_1_753' title='bbox 1549 5437 1659 5490; x_wconf 84' lang='lat' dir='ltr'><strong>ego,</strong></span> <span class='ocrx_word' id='word_1_754' title='bbox 1683 5423 1883 5474; x_wconf 78' lang='lat' dir='ltr'><strong>saluum</strong></span> <span class='ocrx_word' id='word_1_755' title='bbox 1925 5440 2003 5476; x_wconf 91' lang='lat' dir='ltr'><strong>me</strong></span> <span class='ocrx_word' id='word_1_756' title='bbox 2048 5423 2153 5490; x_wconf 79' lang='lat' dir='ltr'><strong>fac,</strong></span> <span class='ocrx_word' id='word_1_757' title='bbox 2183 5442 2310 5494; x_wconf 85' lang='lat' dir='ltr'><strong>quo-</strong></span> 
     </span>
    </p>
   </div>
   <div class='ocr_carea' id='block_1_101' title="bbox 763 5514 2336 5584">
    <p class='ocr_par' dir='ltr' id='par_1_101' title="bbox 763 5514 2336 5584">
     <span class='ocr_line' id='line_1_101' title="bbox 763 5514 2336 5584; baseline 0.001 -14"><span class='ocrx_word' id='word_1_758' title='bbox 763 5521 905 5570; x_wconf 84' lang='lat' dir='ltr'><strong>niam</strong></span> <span class='ocrx_word' id='word_1_759' title='bbox 944 5517 1350 5584; x_wconf 81' lang='lat' dir='ltr'><strong>justiﬁcationes</strong></span> <span class='ocrx_word' id='word_1_760' title='bbox 1391 5524 1508 5566; x_wconf 85' lang='lat' dir='ltr'><strong>tuas</strong></span> <span class='ocrx_word' id='word_1_761' title='bbox 1552 5514 1822 5583; x_wconf 69' lang='lat' dir='ltr'><strong>exquisivi.</strong></span> <span class='ocrx_word' id='word_1_762' title='bbox 1861 5514 1945 5568; x_wconf 79' lang='lat' dir='ltr'><strong>Me</strong></span> <span class='ocrx_word' id='word_1_763' title='bbox 1986 5520 2336 5584; x_wconf 73' lang='lat' dir='ltr'><strong>exspectave-&#39;</strong></span> 
     </span>
    </p>
   </div>
   <div class='ocr_carea' id='block_1_102' title="bbox 764 5605 2307 5676">
    <p class='ocr_par' dir='ltr' id='par_1_102' title="bbox 764 5605 2307 5676">
     <span class='ocr_line' id='line_1_102' title="bbox 764 5605 2307 5676; baseline 0.001 -17"><span class='ocrx_word' id='word_1_764' title='bbox 764 5618 884 5661; x_wconf 81' lang='lat' dir='ltr'><strong>runt</strong></span> <span class='ocrx_word' id='word_1_765' title='bbox 911 5616 1224 5676; x_wconf 87' lang='lat' dir='ltr'><strong>peccatores,</strong></span> <span class='ocrx_word' id='word_1_766' title='bbox 1259 5617 1314 5658; x_wconf 88' lang='lat' dir='ltr'><strong>ut</strong></span> <span class='ocrx_word' id='word_1_767' title='bbox 1352 5605 1621 5675; x_wconf 86' lang='lat' dir='ltr'><strong>perderent</strong></span> <span class='ocrx_word' id='word_1_768' title='bbox 1649 5623 1746 5668; x_wconf 80' lang='lat' dir='ltr'><strong>me,</strong></span> <span class='ocrx_word' id='word_1_769' title='bbox 1775 5608 2071 5660; x_wconf 87' lang='lat' dir='ltr'><strong>testimonia</strong></span> <span class='ocrx_word' id='word_1_770' title='bbox 2105 5617 2193 5660; x_wconf 85' lang='lat' dir='ltr'><strong>tua</strong></span> <span class='ocrx_word' id='word_1_771' title='bbox 2228 5611 2307 5660; x_wconf 91' lang='lat' dir='ltr'><strong>in-</strong></span> 
     </span>
    </p>
   </div>
   <div class='ocr_carea' id='block_1_103' title="bbox 762 5699 2304 5766">
    <p class='ocr_par' dir='ltr' id='par_1_103' title="bbox 762 5699 2304 5766">
     <span class='ocr_line' id='line_1_103' title="bbox 762 5699 2304 5766; baseline -0.002 -10"><span class='ocrx_word' id='word_1_772' title='bbox 762 5703 957 5756; x_wconf 70' lang='lat' dir='ltr'><strong>tellexi.</strong></span> <span class='ocrx_word' id='word_1_773' title='bbox 1004 5700 1184 5755; x_wconf 88' lang='lat' dir='ltr'><strong>Omnis</strong></span> <span class='ocrx_word' id='word_1_774' title='bbox 1221 5699 1708 5755; x_wconf 79' lang='lat' dir='ltr'><strong>&#39;consnmmationis</strong></span> <span class='ocrx_word' id='word_1_775' title='bbox 1751 5699 1853 5751; x_wconf 80' lang='lat' dir='ltr'><strong>vidi</strong></span> <span class='ocrx_word' id='word_1_776' title='bbox 1895 5701 2049 5766; x_wconf 82' lang='lat' dir='ltr'><strong>ﬁnem</strong></span> <span class='ocrx_word' id='word_1_777' title='bbox 2140 5701 2304 5754; x_wconf 80' lang='lat' dir='ltr'><strong>latum</strong></span> 
     </span>
    </p>
   </div>
   <div class='ocr_carea' id='block_1_104' title="bbox 763 5794 1427 5846">
    <p class='ocr_par' dir='ltr' id='par_1_104' title="bbox 763 5794 1427 5846">
     <span class='ocr_line' id='line_1_104' title="bbox 763 5794 1427 5846; baseline -0.003 0"><span class='ocrx_word' id='word_1_778' title='bbox 763 5794 1061 5846; x_wconf 69' lang='lat' dir='ltr'><strong>mandatum</strong></span> <span class='ocrx_word' id='word_1_779' title='bbox 1091 5805 1230 5845; x_wconf 86' lang='lat' dir='ltr'><strong>tuum</strong></span> <span class='ocrx_word' id='word_1_780' title='bbox 1253 5794 1427 5845; x_wconf 80' lang='lat' dir='ltr'><strong>nimis.</strong></span> 
     </span>
    </p>
   </div>
   <div class='ocr_carea' id='block_1_105' title="bbox 840 5883 2292 5952">
    <p class='ocr_par' dir='ltr' id='par_1_105' title="bbox 840 5883 2292 5952">
     <span class='ocr_line' id='line_1_105' title="bbox 840 5883 2292 5952; baseline -0.001 -12"><span class='ocrx_word' id='word_1_781' title='bbox 840 5887 994 5942; x_wconf 71' lang='lat' dir='ltr'><strong>Vsus.</strong></span> <span class='ocrx_word' id='word_1_782' title='bbox 1030 5887 1239 5940; x_wconf 67' lang='lat'><strong>97-100.</strong></span> <span class='ocrx_word' id='word_1_783' title='bbox 1287 5884 1557 5952; x_wconf 82' lang='lat' dir='ltr'><strong>Quomodo</strong></span> <span class='ocrx_word' id='word_1_784' title='bbox 1597 5883 1756 5935; x_wconf 74' lang='lat' dir='ltr'><strong>dilexi</strong></span> <span class='ocrx_word' id='word_1_785' title='bbox 1799 5890 1953 5952; x_wconf 70' lang='lat' dir='ltr'><strong>legent</strong></span> <span class='ocrx_word' id='word_1_786' title='bbox 1998 5895 2158 5951; x_wconf 81' lang='lat' dir='ltr'><strong>(nam,</strong></span> <span class='ocrx_word' id='word_1_787' title='bbox 2199 5893 2292 5942; x_wconf 82' lang='lat' dir='ltr'><strong>Uo-</strong></span> 
     </span>
    </p>
   </div>
   <div class='ocr_carea' id='block_1_106' title="bbox 2401 4695 3960 4771">
    <p class='ocr_par' dir='ltr' id='par_1_106' title="bbox 2401 4695 3960 4771">
     <span class='ocr_line' id='line_1_106' title="bbox 2401 4695 3960 4771; baseline -0.003 -19"><span class='ocrx_word' id='word_1_788' title='bbox 2401 4717 2521 4771; x_wconf 17' lang='grc' dir='ltr'>,νων</span> <span class='ocrx_word' id='word_1_789' title='bbox 2557 4699 2809 4769; x_wconf 86' lang='grc' dir='ltr'>ίατρικῶν</span> <span class='ocrx_word' id='word_1_790' title='bbox 2844 4699 3199 4769; x_wconf 80' lang='grc' dir='ltr'>βοηθημάτων</span> <span class='ocrx_word' id='word_1_791' title='bbox 3221 4699 3419 4765; x_wconf 84' lang='grc' dir='ltr'>παγίαν</span> <span class='ocrx_word' id='word_1_792' title='bbox 3457 4697 3548 4749; x_wconf 77' lang='grc' dir='ltr'>καὶ</span> <span class='ocrx_word' id='word_1_793' title='bbox 3578 4695 3797 4765; x_wconf 75' lang='grc' dir='ltr'>βεϐαίαν</span> <span class='ocrx_word' id='word_1_794' title='bbox 3830 4697 3960 4748; x_wconf 85' lang='grc' dir='ltr'>ἀνα-</span> 
     </span>
    </p>
   </div>
   <div class='ocr_carea' id='block_1_107' title="bbox 2415 4787 3961 4858">
    <p class='ocr_par' dir='ltr' id='par_1_107' title="bbox 2415 4787 3961 4858">
     <span class='ocr_line' id='line_1_107' title="bbox 2415 4787 3961 4858; baseline -0.004 -15"><span class='ocrx_word' id='word_1_795' title='bbox 2415 4789 2591 4843; x_wconf 77' lang='grc' dir='ltr'>λαϐὼν</span> <span class='ocrx_word' id='word_1_796' title='bbox 2629 4790 2837 4858; x_wconf 81' lang='grc' dir='ltr'>ὑγίειαν</span> <span class='ocrx_word' id='word_1_797' title='bbox 2865 4791 2929 4841; x_wconf 80' lang='grc' dir='ltr'>δι’</span> <span class='ocrx_word' id='word_1_798' title='bbox 2963 4789 3126 4841; x_wconf 83' lang='grc' dir='ltr'>αὐτοῦ</span> <span class='ocrx_word' id='word_1_799' title='bbox 3166 4789 3256 4840; x_wconf 84' lang='grc' dir='ltr'><strong>τοῦ</strong></span> <span class='ocrx_word' id='word_1_800' title='bbox 3291 4787 3549 4854; x_wconf 83' lang='grc' dir='ltr'>ὑγιαίνειν</span> <span class='ocrx_word' id='word_1_801' title='bbox 3594 4787 3687 4838; x_wconf 76' lang='grc' dir='ltr'>καὶ</span> <span class='ocrx_word' id='word_1_802' title='bbox 3725 4787 3961 4838; x_wconf 82' lang='grc' dir='ltr'>εὐεκτεῖν</span> 
     </span>
    </p>
   </div>
   <div class='ocr_carea' id='block_1_108' title="bbox 2414 4872 3960 4948">
    <p class='ocr_par' dir='ltr' id='par_1_108' title="bbox 2414 4872 3960 4948">
     <span class='ocr_line' id='line_1_108' title="bbox 2414 4872 3960 4948; baseline -0.003 -15"><span class='ocrx_word' id='word_1_803' title='bbox 2414 4881 2514 4933; x_wconf 77' lang='grc' dir='ltr'><strong>οὐκ</strong></span> <span class='ocrx_word' id='word_1_804' title='bbox 2560 4880 2968 4934; x_wconf 79' lang='grc' dir='ltr'>ἐπιλανθάνεται</span> <span class='ocrx_word' id='word_1_805' title='bbox 3005 4879 3111 4930; x_wconf 83' lang='grc' dir='ltr'><strong>τῶν</strong></span> <span class='ocrx_word' id='word_1_806' title='bbox 3168 4880 3420 4948; x_wconf 77' lang='grc' dir='ltr'>ἰατρικῶν</span> <span class='ocrx_word' id='word_1_807' title='bbox 3451 4878 3669 4929; x_wconf 80' lang='grc' dir='ltr'>ἐκείνων</span> <span class='ocrx_word' id='word_1_808' title='bbox 3714 4872 3793 4938; x_wconf 79' lang='grc' dir='ltr'><strong>οἷς</strong></span> <span class='ocrx_word' id='word_1_809' title='bbox 3831 4878 3960 4944; x_wconf 77' lang='grc' dir='ltr'>ἠκο-</span> 
     </span>
    </p>
   </div>
   <div class='ocr_carea' id='block_1_109' title="bbox 2414 4963 3958 5041">
    <p class='ocr_par' dir='ltr' id='par_1_109' title="bbox 2414 4963 3958 5041">
     <span class='ocr_line' id='line_1_109' title="bbox 2414 4963 3958 5041; baseline -0.003 -16"><span class='ocrx_word' id='word_1_810' title='bbox 2414 4963 2639 5041; x_wconf 84' lang='grc' dir='ltr'>λούθησε</span> <span class='ocrx_word' id='word_1_811' title='bbox 2673 4972 2733 5023; x_wconf 80' lang='grc' dir='ltr'>τὸ</span> <span class='ocrx_word' id='word_1_812' title='bbox 2765 4971 2933 5034; x_wconf 77' lang='grc' dir='ltr'>οὕτως</span> <span class='ocrx_word' id='word_1_813' title='bbox 2965 4970 3124 5023; x_wconf 85' lang='grc' dir='ltr'>αὑτὸν</span> <span class='ocrx_word' id='word_1_814' title='bbox 3158 4973 3271 5039; x_wconf 85' lang='grc' dir='ltr'>μετ’</span> <span class='ocrx_word' id='word_1_815' title='bbox 3305 4968 3511 5032; x_wconf 76' lang='grc' dir='ltr'>εὐεξίας</span> <span class='ocrx_word' id='word_1_816' title='bbox 3546 4968 3831 5036; x_wconf 83' lang='grc' dir='ltr'>ὑγιαίνειν·</span> <span class='ocrx_word' id='word_1_817' title='bbox 3867 4968 3958 5021; x_wconf 83' lang='grc' dir='ltr'>οῦ-</span> 
     </span>
    </p>
   </div>
   <div class='ocr_carea' id='block_1_110' title="bbox 2411 5053 3958 5130">
    <p class='ocr_par' dir='ltr' id='par_1_110' title="bbox 2411 5053 3958 5130">
     <span class='ocr_line' id='line_1_110' title="bbox 2411 5053 3958 5130; baseline -0.003 -15"><span class='ocrx_word' id='word_1_818' title='bbox 2411 5062 2518 5126; x_wconf 79' lang='grc' dir='ltr'>τως</span> <span class='ocrx_word' id='word_1_819' title='bbox 2562 5067 2590 5117; x_wconf 89' lang='grc' dir='ltr'><strong>ό</strong></span> <span class='ocrx_word' id='word_1_820' title='bbox 2635 5065 2785 5130; x_wconf 78' lang='grc' dir='ltr'>ἅγιος</span> <span class='ocrx_word' id='word_1_821' title='bbox 2833 5057 3005 5126; x_wconf 74' lang='grc' dir='ltr'>οὗτος,</span> <span class='ocrx_word' id='word_1_822' title='bbox 3049 5061 3153 5113; x_wconf 85' lang='grc' dir='ltr'><strong>ὑπὸ</strong></span> <span class='ocrx_word' id='word_1_823' title='bbox 3201 5059 3333 5114; x_wconf 89' lang='grc' dir='ltr'>Θεοῦ</span> <span class='ocrx_word' id='word_1_824' title='bbox 3381 5059 3735 5130; x_wconf 68' lang='grc' dir='ltr'>ζωοποιηθεὶς</span> <span class='ocrx_word' id='word_1_825' title='bbox 3778 5059 3835 5113; x_wconf 86' lang='grc' dir='ltr'>ὲν</span> <span class='ocrx_word' id='word_1_826' title='bbox 3877 5053 3958 5121; x_wconf 75' lang='grc' dir='ltr'><strong>οἷς</strong></span> 
     </span>
    </p>
   </div>
   <div class='ocr_carea' id='block_1_111' title="bbox 2413 5150 3957 5224">
    <p class='ocr_par' dir='ltr' id='par_1_111' title="bbox 2413 5150 3957 5224">
     <span class='ocr_line' id='line_1_111' title="bbox 2413 5150 3957 5224; baseline -0.002 -18"><span class='ocrx_word' id='word_1_827' title='bbox 2413 5154 2534 5224; x_wconf 81' lang='grc' dir='ltr'>ἔσχε</span> <span class='ocrx_word' id='word_1_828' title='bbox 2593 5157 2720 5224; x_wconf 77' lang='grc' dir='ltr'>παρ’</span> <span class='ocrx_word' id='word_1_829' title='bbox 2770 5152 2931 5206; x_wconf 80' lang='grc' dir='ltr'>αὐτοῦ</span> <span class='ocrx_word' id='word_1_830' title='bbox 2986 5152 3311 5222; x_wconf 82' lang='grc' dir='ltr'>δικαιώμασι</span> <span class='ocrx_word' id='word_1_831' title='bbox 3358 5151 3500 5218; x_wconf 88' lang='grc' dir='ltr'>λέγει</span> <span class='ocrx_word' id='word_1_832' title='bbox 3547 5150 3673 5220; x_wconf 83' lang='grc' dir='ltr'>παρ’</span> <span class='ocrx_word' id='word_1_833' title='bbox 3708 5150 3824 5202; x_wconf 84' lang='grc' dir='ltr'>ὅλον</span> <span class='ocrx_word' id='word_1_834' title='bbox 3866 5151 3957 5203; x_wconf 82' lang='grc' dir='ltr'>τὸν</span> 
     </span>
    </p>
   </div>
   <div class='ocr_carea' id='block_1_112' title="bbox 2410 5241 3955 5316">
    <p class='ocr_par' dir='ltr' id='par_1_112' title="bbox 2410 5241 3955 5316">
     <span class='ocr_line' id='line_1_112' title="bbox 2410 5241 3955 5316; baseline -0.001 -19"><span class='ocrx_word' id='word_1_835' title='bbox 2410 5246 2578 5300; x_wconf 82' lang='grc' dir='ltr'>αἰῶνα</span> <span class='ocrx_word' id='word_1_836' title='bbox 2611 5245 2682 5316; x_wconf 81' lang='grc' dir='ltr'>μὴ</span> <span class='ocrx_word' id='word_1_837' title='bbox 2717 5244 3162 5298; x_wconf 72' lang='grc' dir='ltr'>ἐπιλανθάνεσθαι</span> <span class='ocrx_word' id='word_1_838' title='bbox 3215 5243 3409 5306; x_wconf 78' lang='grc' dir='ltr'>αὐτῶν,</span> <span class='ocrx_word' id='word_1_839' title='bbox 3439 5242 3718 5303; x_wconf 74' lang='grc' dir='ltr'>ἀποδιδοὺς</span> <span class='ocrx_word' id='word_1_840' title='bbox 3745 5241 3841 5312; x_wconf 79' lang='grc' dir='ltr'>τὴν</span> <span class='ocrx_word' id='word_1_841' title='bbox 3872 5244 3955 5295; x_wconf 84' lang='grc' dir='ltr'><strong>αξ-</strong></span> 
     </span>
    </p>
   </div>
   <div class='ocr_carea' id='block_1_113' title="bbox 2409 5330 3848 5404">
    <p class='ocr_par' dir='ltr' id='par_1_113' title="bbox 2409 5330 3848 5404">
     <span class='ocr_line' id='line_1_113' title="bbox 2409 5330 3848 5404; baseline -0.003 -13"><span class='ocrx_word' id='word_1_842' title='bbox 2409 5337 2550 5399; x_wconf 86' lang='grc' dir='ltr'>τίαν,</span> <span class='ocrx_word' id='word_1_843' title='bbox 2580 5338 2640 5390; x_wconf 81' lang='grc' dir='ltr'>τὸ</span> <span class='ocrx_word' id='word_1_844' title='bbox 2673 5340 2729 5389; x_wconf 79' lang='grc' dir='ltr'><strong>ἐν</strong></span> <span class='ocrx_word' id='word_1_845' title='bbox 2757 5337 2936 5399; x_wconf 81' lang='grc' dir='ltr'>αὐτοῖς</span> <span class='ocrx_word' id='word_1_846' title='bbox 2961 5335 3049 5388; x_wconf 87' lang='grc' dir='ltr'><strong>τόν</strong></span> <span class='ocrx_word' id='word_1_847' title='bbox 3074 5335 3207 5388; x_wconf 76' lang='grc' dir='ltr'>Θεὸν</span> <span class='ocrx_word' id='word_1_848' title='bbox 3236 5335 3394 5388; x_wconf 70' lang='grc' dir='ltr'>αὑτὸν</span> <span class='ocrx_word' id='word_1_849' title='bbox 3423 5333 3674 5404; x_wconf 76' lang='grc' dir='ltr'>ἐζηκέναι</span> <span class='ocrx_word' id='word_1_850' title='bbox 3704 5330 3848 5404; x_wconf 75' lang='lat' dir='ltr'><strong>(sic).</strong></span> 
     </span>
    </p>
   </div>
   <div class='ocr_carea' id='block_1_114' title="bbox 2479 5421 3954 5493">
    <p class='ocr_par' dir='ltr' id='par_1_114' title="bbox 2479 5421 3954 5493">
     <span class='ocr_line' id='line_1_114' title="bbox 2479 5421 3954 5493; baseline -0.002 -15"><span class='ocrx_word' id='word_1_851' title='bbox 2479 5427 2591 5490; x_wconf 87' lang='grc' dir='ltr'><strong>Σός</strong></span> <span class='ocrx_word' id='word_1_852' title='bbox 2639 5427 2753 5493; x_wconf 75' lang='grc' dir='ltr'>εἰμι</span> <span class='ocrx_word' id='word_1_853' title='bbox 2802 5424 2934 5492; x_wconf 76' lang='grc' dir='ltr'>ἐγὼ,</span> <span class='ocrx_word' id='word_1_854' title='bbox 2986 5423 3192 5476; x_wconf 78' lang='grc' dir='ltr'>σῶσόν</span> <span class='ocrx_word' id='word_1_855' title='bbox 3217 5441 3311 5492; x_wconf 83' lang='grc' dir='ltr'><strong>με,</strong></span> <span class='ocrx_word' id='word_1_856' title='bbox 3351 5424 3439 5478; x_wconf 82' lang='grc' dir='ltr'>ὅτι</span> <span class='ocrx_word' id='word_1_857' title='bbox 3487 5421 3556 5474; x_wconf 83' lang='grc' dir='ltr'>τὰ</span> <span class='ocrx_word' id='word_1_858' title='bbox 3598 5421 3954 5490; x_wconf 78' lang='grc' dir='ltr'>δικαιώματά</span> 
     </span>
    </p>
   </div>
   <div class='ocr_carea' id='block_1_115' title="bbox 2407 5514 3954 5584">
    <p class='ocr_par' dir='ltr' id='par_1_115' title="bbox 2407 5514 3954 5584">
     <span class='ocr_line' id='line_1_115' title="bbox 2407 5514 3954 5584; baseline -0.003 -13"><span class='ocrx_word' id='word_1_859' title='bbox 2407 5533 2522 5571; x_wconf 87' lang='grc' dir='ltr'><strong>σου</strong></span> <span class='ocrx_word' id='word_1_860' title='bbox 2559 5515 2899 5583; x_wconf 75' lang='grc' dir='ltr'>ἑξεζήτησα.</span> <span class='ocrx_word' id='word_1_861' title='bbox 2973 5514 3100 5583; x_wconf 82' lang='grc' dir='ltr'><strong>Ἐμὲ</strong></span> <span class='ocrx_word' id='word_1_862' title='bbox 3141 5515 3463 5584; x_wconf 67' lang='grc' dir='ltr'>ὑπέμειναν</span> <span class='ocrx_word' id='word_1_863' title='bbox 3518 5517 3570 5568; x_wconf 76' lang='grc' dir='ltr'>οἱ</span> <span class='ocrx_word' id='word_1_864' title='bbox 3625 5515 3954 5584; x_wconf 62' lang='grc' dir='ltr'>ἁμαρτωώ</span> 
     </span>
    </p>
   </div>
   <div class='ocr_carea' id='block_1_116' title="bbox 2406 5607 3952 5676">
    <p class='ocr_par' dir='ltr' id='par_1_116' title="bbox 2406 5607 3952 5676">
     <span class='ocr_line' id='line_1_116' title="bbox 2406 5607 3952 5676; baseline -0.001 -14"><span class='ocrx_word' id='word_1_865' title='bbox 2406 5610 2510 5664; x_wconf 87' lang='grc' dir='ltr'><strong>τοῦ</strong></span> <span class='ocrx_word' id='word_1_866' title='bbox 2536 5609 2830 5662; x_wconf 78' lang='grc' dir='ltr'>ἀπολέσαι</span> <span class='ocrx_word' id='word_1_867' title='bbox 2859 5625 2952 5676; x_wconf 82' lang='grc' dir='ltr'><strong>με,</strong></span> <span class='ocrx_word' id='word_1_868' title='bbox 2977 5609 3048 5660; x_wconf 86' lang='grc' dir='ltr'>τὰ</span> <span class='ocrx_word' id='word_1_869' title='bbox 3075 5608 3364 5676; x_wconf 80' lang='grc' dir='ltr'>μαρτύριά</span> <span class='ocrx_word' id='word_1_870' title='bbox 3397 5624 3510 5661; x_wconf 88' lang='grc' dir='ltr'>σου</span> <span class='ocrx_word' id='word_1_871' title='bbox 3550 5607 3803 5676; x_wconf 75' lang='grc' dir='ltr'>συνῆκα.</span> <span class='ocrx_word' id='word_1_872' title='bbox 3843 5607 3952 5661; x_wconf 76' lang='grc' dir='ltr'><strong>Πά-</strong></span> 
     </span>
    </p>
   </div>
   <div class='ocr_carea' id='block_1_117' title="bbox 2406 5697 3948 5769">
    <p class='ocr_par' dir='ltr' id='par_1_117' title="bbox 2406 5697 3948 5769">
     <span class='ocr_line' id='line_1_117' title="bbox 2406 5697 3948 5769; baseline -0.003 -14"><span class='ocrx_word' id='word_1_873' title='bbox 2406 5719 2522 5768; x_wconf 86' lang='grc' dir='ltr'>σης</span> <span class='ocrx_word' id='word_1_874' title='bbox 2550 5701 2899 5766; x_wconf 70' lang='grc' dir='ltr'>συντελείας</span> <span class='ocrx_word' id='word_1_875' title='bbox 2929 5697 3091 5753; x_wconf 78' lang='grc' dir='ltr'>εἶδον</span> <span class='ocrx_word' id='word_1_876' title='bbox 3122 5699 3325 5767; x_wconf 81' lang='grc' dir='ltr'>πέρας,</span> <span class='ocrx_word' id='word_1_877' title='bbox 3378 5700 3627 5753; x_wconf 75' lang='grc' dir='ltr'>πλατεῖα</span> <span class='ocrx_word' id='word_1_878' title='bbox 3657 5703 3695 5769; x_wconf 82' lang='grc' dir='ltr'><strong><em>ἠ</em></strong></span> <span class='ocrx_word' id='word_1_879' title='bbox 3734 5699 3948 5766; x_wconf 76' lang='grc' dir='ltr'><strong>ἐντολή</strong></span> 
     </span>
    </p>
   </div>
   <div class='ocr_carea' id='block_1_118' title="bbox 2405 5797 2798 5863">
    <p class='ocr_par' dir='ltr' id='par_1_118' title="bbox 2405 5797 2798 5863">
     <span class='ocr_line' id='line_1_118' title="bbox 2405 5797 2798 5863; baseline -0.013 -12"><span class='ocrx_word' id='word_1_880' title='bbox 2405 5815 2518 5850; x_wconf 87' lang='grc' dir='ltr'><strong>σου</strong></span> <span class='ocrx_word' id='word_1_881' title='bbox 2548 5797 2798 5863; x_wconf 64' lang='grc' dir='ltr'>σφόδρα.</span> 
     </span>
    </p>
   </div>
   <div class='ocr_carea' id='block_1_119' title="bbox 2488 5884 3954 5957">
    <p class='ocr_par' dir='ltr' id='par_1_119' title="bbox 2488 5884 3954 5957">
     <span class='ocr_line' id='line_1_119' title="bbox 2488 5884 3954 5957; baseline -0.004 -15"><span class='ocrx_word' id='word_1_882' title='bbox 2488 5889 2576 5952; x_wconf 82' lang='grc' dir='ltr'><em>Ὠς</em></span> <span class='ocrx_word' id='word_1_883' title='bbox 2603 5886 2882 5956; x_wconf 70' lang='grc' dir='ltr'>ἠγάπησα</span> <span class='ocrx_word' id='word_1_884' title='bbox 2921 5886 3024 5940; x_wconf 72' lang='grc' dir='ltr'><strong>τὸν</strong></span> <span class='ocrx_word' id='word_1_885' title='bbox 3051 5889 3233 5955; x_wconf 68' lang='grc' dir='ltr'>νόμον</span> <span class='ocrx_word' id='word_1_886' title='bbox 3264 5906 3398 5954; x_wconf 71' lang='grc' dir='ltr'>σου,</span> <span class='ocrx_word' id='word_1_887' title='bbox 3430 5890 3621 5957; x_wconf 77' lang='grc' dir='ltr'>Κύριε,</span> <span class='ocrx_word' id='word_1_888' title='bbox 3658 5889 3808 5956; x_wconf 78' lang='grc' dir='ltr'>ὅλην</span> <span class='ocrx_word' id='word_1_889' title='bbox 3840 5884 3954 5954; x_wconf 76' lang='grc' dir='ltr'><strong>τὴν</strong></span> 
     </span>
    </p>
   </div>
  </div>
