4318 6416
298 520 427 581 Iis:

1429 522 1919 579 couummnm
1957 523 2023 577 IN
2062 493 2392 579 PssLuos.

3248 572 3249 579 η
3336 530 3477 584 1282

294 636 515 705 ἡμέραν
555 639 772 704 μελέτη
806 655 921 704 μου
958 639 1145 695 ἐστίν.
1193 638 1368 705 ’Υπὲρ
1416 639 1554 704 τοὺς
1587 641 1833 708 ἐχθρούς
1864 645 1907 698 Α
1935 640 1999 691 mi

1775 641 1833 701 bc
1864 645 1907 698 Α
1935 640 2094 701 mine,
2116 648 2223 691 tota
2252 638 2334 692 die
2362 639 2625 694 meditatio
2646 659 2757 695 mea
2778 652 2873 696 est.
2900 643 3065 709 Super
3086 642 3320 695 inimicos
3345 659 3480 696 meos

291 743 408 795 μου
445 725 736 792 ἐσόφισάς
776 744 848 793 με
891 728 1002 792 τὴν
1041 727 1294 792 ἐντολήν
1339 744 1473 790 σου,
1508 728 1595 780 ὅτι
1621 730 1706 793 εἰς
1733 728 1837 781 τὸν

294 811 477 866 αίῶνα
513 813 623 882 ἐμή
657 815 842 867 ἐστιν.
886 814 1049 883 ’Υπὲρ
1092 816 1317 880 πάντας
1362 816 1500 880 τοὺς
1535 815 1839 870 διδάσκον-

293 903 399 969 τάς
422 921 498 972 με
528 905 786 973 συνῆκα,
819 905 906 959 ὅτι
932 907 1004 959 τὰ
1025 907 1311 975 μαρτύριά
1334 923 1449 961 σου
1471 908 1687 976 μελέτη
1721 924 1837 975 μου

292 996 484 1047 ἐστίν.
540 994 704 1062 ’Υπὲρ
729 995 1163 1063 πρεσϐυτέρους
1183 996 1440 1064 συνῆκα,
1481 998 1567 1050 ὅτι
1604 999 1707 1063 τὰς
1746 998 1840 1049 ἐν·

292 1082 472 1148 τολὰς
521 1099 635 1137 σου
679 1083 1021 1151 ἐξεζήτησα.
1062 1087 1123 1137 El
1152 1086 1205 1137 δὲ
1239 1086 1382 1153 λέγοι
1422 1104 1522 1138 που
1556 1089 1584 1137 ὁ
1631 1088 1835 1156 Σωτήρ·

296 1174 416 1224 οὐκ
441 1172 573 1225 ἐστι
597 1175 867 1241 μαθητὴς
902 1175 1052 1241 ὑπὲρ
1088 1174 1192 1227 τὸν
1220 1174 1609 1237 διδάσκαλον,
1644 1176 1734 1227 καὶ
1776 1175 1840 1227 τὰ

293 1261 440 1329 ἑξῆς,
492 1262 727 1337 λεκτέον,
781 1265 861 1316 ὅτι
916 1264 1057 1316 τοῦτ’
1089 1266 1296 1336 εἴρηται
1324 1266 1401 1334 τῷ
1428 1266 1634 1335 Σωτῆρι
1674 1283 1839 1335 προσ-

291 1352 734 1422 διαστειλαμένῳ,
776 1355 867 1405 καὶ
900 1356 1087 1422 φάντι·
1118 1356 1213 1421 Μὴ
1246 1354 1535 1422 καλέσητε
1565 1354 1842 1407 διδάσκα-

291 1445 406 1493 λον
434 1442 532 1494 ἐπὶ
564 1443 673 1511 τῆς
708 1444 821 1513 τῆς
844 1462 855 1475 ·
894 1440 980 1510 εἷς
1003 1447 1111 1514 γάρ
1132 1448 1299 1499 ἐστιν
1318 1447 1480 1514 ὑμῶν
1504 1450 1535 1499 ό
1557 1446 1839 1498 διδάσκα-

291 1533 401 1594 λος
429 1535 461 1584 ό
504 1532 573 1585 ἐν
598 1534 722 1600 τοῖς
762 1536 1055 1602 οιῖιρανοῖς.
1105 1535 1357 1607 ⁹Ως’πρὸς
1386 1537 1587 1587 ἐκεῖνον
1623 1531 1713 1587 οὖν
1751 1535 1840 1587 τὸν

292 1620 610 1675 διδάσκαλον
662 1626 760 1678 οὐκ
796 1625 909 1677 ἐστι
946 1626 1187 1696 μαθητὴς
1234 1625 1513 1695 κρείττων.
1572 1628 1634 1678 Oi.
1660 1628 1715 1679 δὲ
1764 1628 1841 1677 ὲν-

292 1709 463 1763 ταῦθα
493 1711 805 1782 δηλούμενοι
855 1714 1037 1766 πολλοὶ
1088 1714 1395 1767 διδάσκαλοι
1436 1715 1607 1785 ’ἐτεροι
1652 1717 1843 1789 τυγχάς

294 1815 491 1863 νουσιν,
519 1794 595 1854 ὧν
624 1802 877 1865 πολλάκις
905 1805 933 1855 ὁ
967 1803 1211 1873 μαθητὴς
1242 1806 1518 1875 κρείττων.
1555 1805 1765 1857 Γίνεται
1785 1806 1841 1857 δὲ

297 1891 535 1955 πλείονος
566 1894 656 1946 καί¹
693 1894 944 1964 συνεχοῦς
975 1896 1073 1963 τῆς
1112 1896 1237 1964 περὶ
1281 1897 1403 1959 τοὺς
1442 1896 1614 1959 θείους
1656 1894 1843 1962 λόγους

294 1978 599 2049 ἀσκήσεως.

378 2071 469 2124 Ἐκ
497 2072 694 2140 πάσης
721 2073 860 2127 ὀδοῦ
893 2072 1154 2142 πονηρᾶς
1180 2074 1451 2128 ἐκώλυσα
1482 2075 1619 2141 τοὺς
1660 2075 1845 2141 πόδας

233 2229 239 2237 Ι
288 2179 428 2230 μου,
452 2162 610 2229 ὅπως
638 2164 714 2217 ἂν
735 2165 980 2233 φυλάξω
1008 2165 1148 2230 τοὺς
1175 2166 1394 2234 λόγους
1424 2182 1557 2219 οου.
1578 2166 1707 2219 Ἀπὸ
1734 2165 1848 2219 τῶν

294 2252 591 2321 χριμάτων
620 2269 734 2307 σου
766 2257 875 2307 οὐκ
904 2253 1201 2318 ἐξέκλινα,
1248 2254 1336 2306 ὅτι
1382 2253 1461 2307 σὺ
1506 2254 1846 2323 ἐνομοθέτη-

296 2346 412 2411 σὰς
425 2363 545 2414 μοι.
564 2344 655 2409 Ὠς
678 2342 900 2413 γλυκέα
930 2343 1008 2408 τῷ
1030 2344 1281 2413 λάρυγγί
1295 2362 1411 2413 μου
1433 2346 1501 2398 τὰ
1521 2344 1689 2411 λόγια
1709 2360 1840 2397 σου·

294 2436 445 2503 ὑπὲρ
476 2432 613 2504 μέλι
637 2432 715 2498 τῷ
734 2434 981 2500 στόματί
992 2450 1131 2501 μου.
1151 2435 1278 2487 Ἀπὸ
1302 2435 1416 2486 τῶν
1440 2435 1698 2487 ἐντολῶν
1732 2448 1845 2486 σου

295 2524 563 2593 συνῆκα,
610 2523 707 2578 διὰ
755 2522 926 2576 τοῦτο
977 2523 1237 2590 ἐμίσησα
1282 2523 1484 2578 πᾶσαν
1533 2522 1673 2575 ὀδάν
1720 2522 1844 2575 ἀδι-

296 2617 450 2681 κίας.
960 2630 965 2633 ‘

366 2706 601 2773 Λύχνος
650 2704 773 2769 τοῖς
816 2708 960 2759 ποσί
997 2722 1115 2772 μου
1162 2707 1193 2755 ό
1221 2705 1400 2769 νόμος
1429 2717 1562 2765 σου,
1599 2702 1694 2753 καὶ
1725 2700 1846 2769 φῶς

295 2793 428 2858 ταῖς
472 2794 688 2861 τρίϐοις
726 2796 1099 2861 μου.Ὤμοσα
1142 2793 1239 2847 καὶ
1267 2793 1497 2858 ἔστησα
1526 2791 1628 2843 τοῦ
1657 2792 1847 2858 φυλά-

298 2885 512 2948 ξασθαι
558 2885 629 2937 τὰ
677 2885 926 2952 κρίματα
964 2882 1070 2950 τῆς
1109 2882 1492 2949 δικαιοσύνης
1524 2898 1657 2935 σου.
1678 2882 1845 2947 Ἐπεὶ,

301 2974 525 3044 μηδενὸς
570 2973 984 3043 ὲκὸιασαμένου,
1016 2973 1190 3044 οἰκείᾳ
1217 2972 1552 3043 χρησάμενος
1582 2975 1722 3043 ὁρμῇ
1756 2973 1848 3025 καὶ

298 3064 611 3138 προαιρέσει
639 3064 837 3135 ἀγαθῇ,
864 3065 1008 3134 ὅρκῳ
1030 3063 1218 3115 ἑαυτὸν
1252 3063 1574 3132 κατεδήσατο
1599 3064 1688 3114 καὶ
1707 3061 1849 3130 ὦμο-

302 3170 361 3206 σε
389 3153 479 3206 τοῦ
510 3152 842 3223 φυλάξασθαι
884 3154 948 3206 τὰ
984 3154 1221 3222 κρίματα
1262 3155 1357 3222 τῆς
1387 3152 1722 3222 δικαιοσύνης
1756 3153 1847 3205 τοῦ

301 3243 457 3307 θεοῦ,
492 3244 702 3313 εὔχεται
732 3245 822 3305 τὸν
850 3244 1006 3314 ὅρκον
1044 3244 1204 3296 αὐτυῦ
1238 3244 1503 3312 ἀποδοχῆς
1530 3243 1671 3305 ἄξιον
1702 3242 1848 3313 παρὰ

1942 732 2220 797 sapientem
2258 746 2337 783 me
2370 730 2535 797 fecisti
2571 722 2815 787 mandato
2857 744 2961 799 tuo,
3001 736 3123 803 quia
3155 736 3207 787 in
3236 744 3482 788 wternum

1942 836 2108 872 meum
2148 828 2241 872 est.
2271 820 2435 887 Super
2468 830 2640 874 unmes
2674 821 2909 876 docentes
2950 839 3029 876 me
3075 823 3305 876 intellexi
3327 862 3340 884 ,
3363 824 3485 891 quia

1946 910 2241 961 testimonia
2271 919 2361 960 tua
2396 910 2664 964 meditatio
2692 928 2805 964 mea
2842 921 2936 965 est.
2977 910 3141 978 Super
3162 928 3302 964 senes
3327 912 3482 963 intel-

1946 998 2067 1059 lezi,
2092 999 2215 1064 quia
2265 998 2513 1050 mandata
2544 1009 2633 1051 tua
2683 1002 2912 1068 quwsivi.
2946 1000 3097 1066 Quod
3143 1002 3189 1056 si
3240 1001 3485 1055 Salvator

1946 1089 2142 1142 alicubi
2159 1089 2302 1141 dicat
2328 1109 2339 1142 :
2364 1088 2483 1142 Non
2513 1099 2586 1142 est
2604 1090 2890 1159 discipulus
2921 1106 3069 1158 super
3096 1093 3399 1159 magistrum
3420 1093 3483 1148 ¹⁶ο

1947 1187 2000 1233 et
2027 1188 2237 1239 caetera,
2271 1179 2555 1231 dicendum
2596 1188 2678 1234 est
2718 1180 2820 1233 hoc
2864 1183 3263 1249 pronuntiatum
3296 1196 3324 1233 a
3369 1180 3488 1233 Sal-

1946 1278 2129 1322 vatore
2160 1268 2345 1331 fuisse,
2385 1282 2505 1321 cum
2551 1270 2698 1336 prius
2742 1269 3076 1324 distinxisset
3114 1284 3176 1321 ac
3212 1269 3439 1323 dixisset
3470 1290 3483 1324 :

1948 1356 2029 1410 Ne
2053 1360 2237 1411 vocetis
2270 1359 2576 1429 magistrum
2615 1374 2770 1425 super
2803 1367 2995 1410 terram
3028 1374 3046 1411 :
3075 1374 3204 1410 unus
3239 1359 3374 1411 enim
3410 1364 3489 1412 est

1946 1446 2199 1517 Magister
2228 1458 2390 1501 uester
2421 1448 2604 1517 quiest
2635 1449 2685 1499 in
2717 1449 2857 1501 caelis
2889 1449 2949 1501 ¹⁷.
2984 1436 3344 1517 ΙιΙὶιιεΔὶιοᾳιιθ
3372 1462 3487 1500 ηια-

1947 1538 2100 1606 gistri
2128 1540 2528 1607 comparatione
2555 1556 2659 1593 non
2690 1548 2771 1594 est
2798 1539 3096 1608 discipulus
3126 1538 3483 1608 praestantior.

1949 1628 2186 1697 Magistri
2209 1638 2410 1691 autem,
2447 1631 2538 1698 qui
2569 1631 2657 1682 hic
2685 1630 2837 1682 multi
2866 1645 2986 1684 esse
3014 1628 3371 1693 declarantur,
3395 1626 3486 1682 alii

1948 1728 2093 1783 sunt,
2154 1720 2351 1787 quibus
2400 1721 2713 1787 plerumque
2775 1719 3073 1789 discipulus
3124 1720 3334 1774 doctior
3380 1727 3483 1773 est.

1948 1810 2099 1875 Quod
2149 1812 2328 1863 evenit
2376 1826 2442 1863 ex
2494 1814 2693 1877 majore
2716 1819 2766 1864 et
2803 1810 3166 1880 frequentiore
3204 1811 3258 1863 in
3289 1808 3484 1864 divinis

1950 1899 2291 1979 sermonibus
2326 1901 2727 1953 exercitatione.

2015 2068 2177 2124 Vens.
2218 2070 2311 2122 101
2341 2069 2493 2122 -104,
2526 2069 2601 2121 Ab
2624 2069 2762 2121 omni
2789 2068 2869 2121 via
2899 2068 3038 2119 mala
3070 2068 3307 2135 prohibui
3337 2068 3484 2135 pedes

1947 2177 2104 2221 meos,
2145 2169 2201 2211 ut
2250 2159 2540 2212 custodiam
2584 2158 2733 2211 verba
2766 2167 2875 2208 tua.
2913 2157 2951 2207 Α
2990 2157 3207 2225 judiciis
3254 2159 3353 2210 tuis
3384 2174 3484 2210 non

1945 2248 2222 2309 declinavi,
2268 2248 2390 2315 quia
2425 2255 2479 2298 tu
2510 2247 2664 2315 legem
2696 2246 2915 2314 posuisti
2959 2246 3101 2298 mihi.
3154 2245 3322 2309 Quam
3366 2246 3486 2298 dui-

1932 2340 2027 2390 cia
2057 2338 2296 2405 faucibus
2341 2340 2465 2391 meis
2498 2338 2699 2405 eloquia
2746 2347 2831 2388 tua
2848 2338 2867 2389 .'
2907 2352 3056 2404 super
3095 2338 3193 2389 mel
3230 2338 3308 2390 ori
3352 2354 3480 2389 meo.

1944 2430 1987 2482 A
2045 2430 2307 2483 mandatis
2357 2431 2459 2482 tuis
2495 2428 2744 2492 intellexi,
2804 2440 3068 2495 propterea
3116 2428 3251 2481 adiri
3286 2444 3484 2481 omnem

1946 2524 2079 2573 viam
2114 2523 2422 2585 iniquitatis.

2020 2692 2184 2747 Vens.
2232 2693 2351 2755 105,
2397 2692 2517 2746 106.
2568 2690 2803 2741 Lucerna
2852 2691 3062 2755 pedibus
3106 2695 3227 2744 meis
3280 2694 3482 2746 verbum

1949 2796 2115 2850 tuum,
2143 2794 2189 2837 et
2226 2788 2398 2836 lumen
2426 2782 2621 2835 semitis
2661 2782 2805 2833 meis.
2831 2779 3016 2832 Juravi
3043 2792 3089 2833 et
3120 2784 3280 2833 statui
3305 2795 3482 2836 custo-
3528 2810 3531 2815 ν

1947 2877 2059 2930 dire
2081 2876 2285 2944 judicia
2303 2874 2667 2942 justitiaztuw.
2699 2870 2835 2937 Quia
2883 2873 3030 2925 nullo
3059 2874 3162 2926 vim
3204 2872 3483 2944 inferente,

1949 2968 2041 3021 sed
2071 2942 2286 3035 proprio
2308 2973 2441 3017 nutu
2465 2973 2517 3016 et
2549 2963 2688 3017 bono
2712 2964 3007 3033 proposito,
3043 2979 3161 3017 sese
3181 2942 3487 3033 jurejuran—

1949 3062 2017 3116 do
2048 3060 2318 3129 astrinxit,
2349 3066 2403 3111 et
2428 3058 2628 3126 juravit
2658 3074 2715 3113 se
2762 3066 3096 3113 servaturum
3141 3074 3259 3113 esse
3283 3061 3486 3127 judicia

1949 3150 2169 3217 iustitiae
2202 3147 2314 3209 Dei,
2341 3157 2493 3216 rogat
2522 3157 2579 3199 ut
2604 3148 2967 3214 juramentnm
2996 3162 3153 3202 suum
3181 3151 3487 3218 acceptione

1951 3242 2168 3310 dignum
2202 3239 2337 3307 apud
2372 3237 2535 3291 Deum
2566 3238 2754 3293 evadat
2787 3258 2798 3292 :
2833 3254 2955 3292 nam
2980 3230 3227 3309 cognitio
3259 3241 3490 3309 judicio-

300 3326 379 3405 τῷ
410 3334 527 3405 Θεῷ
552 3307 825 3403 γενέσθαι·
864 3307 1027 3387 δεῖται
1051 3334 1156 3404 γὰρ
1180 3332 1373 3401 πολλῆς
1400 3307 1737 3395 διδασκαλίας
1760 3307 1850 3386 καὶ
1876 3307 1917 3361 C
1951 3348 2005 3387 ru

1117 3351 1156 3404 ,ρ
1180 3332 1373 3401 πολλῆς
1400 3307 1737 3395 διδασκαλίας
1760 3307 1850 3386 καὶ
1876 3307 1917 3361 C
1951 3307 2068 3387 ruin
2100 3332 2192 3385 Dei
2221 3333 2389 3397 multa
2420 3331 2662 3385 doctrina
2686 3341 2822 3401 eget.

301 3426 334 3495 ἡ
364 3424 559 3493 γνῶσις
595 3425 700 3477 τῶν
727 3426 1006 3496 χριμάτων
1039 3425 1132 3477 τοῦ
1166 3424 1318 3477 Θεοῦ.

383 3535 802 3603 Ἐταπεινώθην
845 3536 953 3602 ἕως
1000 3535 1248 3603 σφόδρα,
1298 3536 1470 3603 Κύριε
1492 3552 1505 3565 ·
1552 3534 1737 3604 ζῆσόν
1776 3554 1853 3603 με

300 3624 450 3679 κατὰ
496 3626 600 3677 τὸν
641 3626 823 3693 λόγον
858 3638 993 3675 σου.
1034 3624 1109 3675 Τὰ
1137 3623 1382 3675 ἑκούσια
1426 3622 1529 3674 τοῦ
1561 3624 1853 3689 στόματός

294 3731 413 3781 μου
455 3708 791 3779 εὐδόκησον
844 3710 943 3776 δὴ,
978 3711 1169 3776 Κύριε,
1202 3709 1300 3762 καὶ
1344 3710 1415 3762 τὰ
1464 3709 1711 3777 κρίματα
1739 3724 1852 3762 σου

300 3801 547 3863 δίδαεόν
569 3817 661 3870 με.
682 3799 739 3853 Ἠ
768 3798 936 3865 ψυχή
966 3813 1081 3862 μου
1110 3797 1178 3849 ἐν
1204 3797 1330 3861 ταῖς
1373 3797 1541 3864 χερσί
1576 3813 1695 3863 μου
1727 3795 1851 3847 δια-

303 3891 545 3955 παντὸς,
585 3890 680 3942 καὶ
733 3886 839 3941 τοῦ
893 3889 1080 3955 νόμου
1140 3901 1254 3939 σου
1302 3889 1411 3950 οὐκ
1456 3886 1847 3953 ἐπελαθόμην.

307 3988 542 4039 Ἕϐεντο
575 3979 897 4050 ἁμαρτωλοὶ
931 3977 1151 4047 παγίδα
1175 3994 1295 4045 μοι,
1326 3975 1421 4028 καὶ
1447 3977 1513 4028 ἐκ
1545 3974 1659 4027 τῶν
1688 3977 1850 4027 ἐντο-

302 4073 426 4129 λῶν
456 4089 569 4127 σου
601 4072 709 4122 οὐκ
741 4065 1183 4131 ἐπλανήθην.Ἠ
1211 4064 1352 4132 ψυχή
1383 4079 1523 4124 τινος
1570 4062 1625 4113 ὲν
1672 4062 1851 4131 χερσὶν

304 4162 464 4216 αὑτοῦ
496 4162 660 4219 ἐστιν,
677 4156 871 4208 εἴποτε
897 4154 953 4205 ἐν
986 4151 1242 4212 κινδύνοις
1270 4150 1573 4219 γεγένηται,
1592 4148 1852 4201 καὶτοῦτο

302 4258 335 4326 ἡ
370 4252 624 4323 συνήθεια
661 4247 805 4314 λέγει
832 4246 943 4297 ὃτισ
981 4243 1089 4311 Τὴν
1110 4241 1283 4310 ψυχήν
1319 4256 1420 4309 μου
1453 4235 1592 4309 εἶχον
1631 4242 1708 4301 είς
1755 4239 1851 4301 τὰς

305 4343 491 4417 χεῖράς
539 4335 815 4410 μου.“Εγὼ
862 4329 973 4396 οὖν,
1010 4332 1167 4399 φησὶν
1212 4332 1240 4381 ὁ
1280 4330 1499 4393 δίκαιος,
1536 4326 1851 4417 καθημέραν

306 4414 649 4501 ατεοθνήσκω,
678 4428 761 4480 ἀεὶ
788 4422 1073 4477 κινδυνεύω
1103 4422 1186 4475 διὰ
1212 4422 1300 4473 τὸν
1332 4421 1483 4488 λόγον
1511 4437 1623 4483 σου,
1648 4420 1733 4473 διὰ
1756 4414 1851 4490 τήν

303 4523 578 4595 ἀλήθειαν,
608 4520 694 4572 διὰ
727 4517 815 4569 τὸν
853 4514 1087 4584 ἔλεγχον,
1117 4513 1203 4565 διὰ
1230 4512 1324 4581 τὴν
1356 4512 1625 4581 βασιλείαν
1661 4513 1725 4582 ἣν
1761 4511 1854 4580 βα-

2020 3528 2183 3582 Vens.
2228 3528 2520 3583 107-112.
2578 3527 2897 3580 Humilialus
2949 3543 3062 3579 sum
3112 3545 3487 3600 usquequaque,

1954 3620 2169 3674 Domine
2205 3635 2221 3673 .'
2262 3621 2463 3688 vivi/ica
2504 3637 2583 3673 me
2620 3619 2895 3672 secundum
2930 3618 3135 3671 verbum
3187 3610 3347 3673 tuum.
3395 3623 3492 3675 γο-

1950 3713 2183 3765 luntaria
2224 3712 2329 3764 oris
2360 3712 2457 3763 mei
2488 3710 2804 3778 beneplacita
2838 3707 2943 3775 fac,
2982 3706 3222 3771 Domine,
3261 3720 3309 3760 et
3340 3712 3491 3778 judi-

1951 3803 2031 3854 cia
2064 3812 2155 3854 tua
2192 3800 2315 3854 doce
2346 3816 2442 3852 me.
2471 3800 2661 3851 Anima
2693 3813 2803 3849 mea
2830 3798 2884 3847 in
2914 3797 3152 3847 manibus
3198 3800 3323 3850 meis
3354 3816 3489 3852 sem-

1948 3910 2057 3961 per,
2090 3904 2136 3946 et
2167 3894 2324 3961 legem
2354 3903 2497 3941 tuam
2528 3905 2629 3942 non
2656 3904 2771 3940 sum
2809 3887 3017 3938 oblitus.
3053 3886 3345 3940 Posuerunt
3381 3904 3491 3955 pee-

1950 3995 2149 4036 catores
2174 3982 2410 4049 laqueum
2433 3978 2584 4039 mihi,
2605 3986 2652 4029 et
2676 3976 2737 4028 de
2755 3975 3015 4029 mandatis
3046 3973 3148 4027 tuis
3178 3993 3276 4029 non
3298 3981 3486 4032 erraui.

1949 4073 2141 4126 Anima
2180 4070 2419 4138 cujusvis
2451 4068 2505 4121 in
2536 4066 2783 4120 manibus
2812 4067 2928 4133 ejus
2973 4075 3076 4127 est,
3112 4066 3156 4121 si
3191 4070 3405 4135 quando
3435 4072 3489 4123 in

1950 4162 2202 4231 periculis
2230 4167 2491 4221 versetur,
2522 4164 2682 4227 atque
2710 4172 2773 4211 ex
2806 4158 3194 4211 consuetudine
3230 4161 3327 4213 hoc
3352 4162 3489 4215 dici-

1948 4260 2036 4305 tur
2068 4251 2353 4303 :Animam
2386 4263 2556 4302 meam
2587 4248 2640 4299 in
2685 4247 2936 4301 manibus
2969 4247 3102 4301 meis
3146 4249 3323 4303 habui.
3381 4248 3489 4319 Ego

1951 4342 2151 4409 itaque,
2176 4341 2250 4393 ait
2273 4340 2477 4409 justus,
2513 4336 2752 4407 quotidie
2782 4338 3003 4399 morior,
3042 4355 3249 4406 semper
3276 4340 3482 4413 obser-

1952 4448 2163 4486 monem
2197 4442 2345 4486 tuum
2372 4433 2429 4485 in
2456 4430 2692 4499 periculo
2718 4446 2923 4493 versor,
2954 4443 3167 4499 propter
3191 4432 3485 4495 veritatem,

1953 4535 2172 4597 propter
2198 4523 2687 4592 reprehensionem,
2712 4530 2931 4591 propter
2964 4538 3181 4591 regnum
3205 4522 3288 4577 cui
3317 4525 3487 4593 impe-

307 4618 527 4674 σιλεύω·
560 4615 653 4667 καὶ
684 4612 769 4666 διὰ
800 4610 970 4663 ταῦτα
1004 4611 1041 4676 ἠ
1072 4606 1237 4675 ψυχή
1272 4623 1389 4695 μου
1428 4605 1495 4657 ἐν
1522 4604 1648 4670 ταῖς
1684 4604 1855 4695 χερσί
1886 4630 1909 4683 Ι

1783 4620 1831 4656 '0’
1834 4604 1855 4655 ί
1886 4630 1927 4683 D
1956 4632 2016 4671 ro
2048 4635 2061 4682 ;
2089 4623 2141 4671 et
2162 4616 2279 4669 ideo
2303 4614 2479 4665 anima
2501 4628 2612 4664 mea
2637 4612 2690 4663 in
2712 4612 2950 4665 manibus
2978 4613 3103 4665 meis
3132 4628 3339 4680 semper.
3372 4613 3488 4667 Non

301 4728 419 4781 μου
440 4703 866 4768 διαπαντός.οὑ
886 4700 992 4770 γὰρ
1010 4702 1037 4752 ὁ
1054 4697 1292 4759 κίνδυνος
1314 4694 1404 4748 τοῦ
1429 4695 1654 4747 Θανάτου
1685 4694 1853 4745 ἐποίει

311 4797 755 4873 με·,ὲπιλαθέσθαι
784 4794 875 4847 τοῦ
925 4793 1087 4862 νόμου
1116 4808 1224 4844 σου.
1260 4788 1485 4841 Δύναται
1532 4787 1588 4838 δέ
1637 4803 1719 4849 τις
1763 4786 1857 4839 καὶ

308 4892 631 4961 ὑψηλότερον
664 4887 847 4956 νοῆσαι
878 4883 938 4935 τὸ
966 4882 1143 4952 ῥητὸν,
1176 4882 1266 4933 καὶ
1300 4880 1487 4940 εἰπεῖν,
1510 4877 1587 4929 ὅτι
1623 4877 1659 4943 ἡ
1686 4873 1853 4943 ψυχή

238 4984 239 4987 “
303 5004 422 5058 μου
453 4986 520 5037 ἐν
550 4982 675 5045 ταῖς
709 4979 879 5049 χερσί
903 4994 1020 5044 μου
1055 4970 1132 5043 ἦν
1158 4968 1495 5058 διαπαντὸς,
1524 4968 1641 5058 ἀντὶ
1665 4966 1777 5029 τοῦ,
1799 4966 1856 5058 ἐν

310 5055 569 5145 λιτράξεσιν
592 5069 843 5135 ἀγαθαῖς·
875 5068 907 5135 ἡ
940 5065 1054 5133 χεὶρ
1078 5061 1184 5130 γὰρ
1211 5060 1299 5111 ἐπὶ
1324 5056 1429 5108 τῶν
1452 5055 1709 5145 ,πράξειον
1734 5055 1857 5107 πολ-

310 5144 466 5224 λακις
499 5155 867 5227 παραδέδοται.
910 5153 971 5203 Εἰ
996 5152 1049 5202 δὲ
1078 5152 1135 5201 ἐν
1161 5150 1277 5209 ταῖς
1306 5144 1458 5216 χερσί
1488 5161 1577 5196 σου
1607 5144 1712 5220 εἴη,
1735 5146 1857 5213 νοή-

314 5271 492 5324 σωμεν
514 5252 696 5321 χεῖρας
719 5228 850 5298 εἶναι
873 5243 965 5296 τοῦ
993 5240 1124 5294 Θεοῦ
1140 5241 1234 5309 τὴν
1248 5236 1597 5307 δημιουργίαν
1618 5235 1799 5297 αὐτοῦ,

314 5344 591 5419 προσιτέον
632 5336 932 5397 διαπαντός.
952 5332 1429 5399 Ἐκληρονόμησα
1470 5328 1539 5419 τα
1568 5326 1856 5419 μαρτυριά

310 5416 427 5491 σου
456 5436 540 5497 εις
574 5430 678 5483 τὸν
708 5425 922 5479 αἰῶνα·
972 5425 1060 5476 ὅτι
1090 5420 1424 5489 ἁγαλλίαμα
1467 5416 1573 5484 τῆς
1614 5416 1856 5485 καρδίας

306 5544 425 5598 μου
449 5522 876 5578 εἱσίν.Ἕκλινα
900 5515 1012 5582 τὴν
1043 5512 1285 5579 καρδίαν
1321 5528 1437 5577 μου
1476 5509 1578 5562 τοῦ
1610 5507 1853 5575 ποιῆσαι

310 5619 385 5673 τὰ
410 5608 762 5682 δικαιώματά
788 5624 902 5661 σου
933 5608 1018 5670 είς
1043 5604 1147 5657 τὸν
1173 5601 1354 5655 αἰῶνα
1371 5600 1443 5652 δι’
1473 5599 1845 5667 ἀντάμειψιν,

280 5877 290 5884 “
388 5882 434 5918 ι·
472 5878 656 5935 Matth.
692 5893 758 5947 ι,
791 5881 879 5935 24.
959 5885 999 5916 ίτ
1044 5879 1230 5937 Matth.
1269 5890 1434 5941 mn,
1470 5876 1537 5942 9,
1576 5877 1661 5933 10.
1762 5910 1765 5913 ‹

1957 4707 2099 4762 enim
2131 4704 2424 4775 periculum
2458 4702 2646 4756 mortis
2676 4702 2808 4770 legis
2836 4715 2936 4755 tuae
2960 4704 3203 4758 oblivisci
3218 4712 3311 4757 ‘me
3338 4703 3484 4759 fecit.

1951 4799 2214 4852 Caeterum
2247 4803 2424 4865 potest
2473 4794 2741 4862 quispiam
2800 4794 3083 4849 sublimius
3137 4795 3238 4849 boc
3284 4795 3488 4849 dictum

1953 4888 2248 4956 intelligere
2278 4900 2341 4938 ac
2374 4885 2552 4938 dicere
2584 4903 2596 4937 :
2631 4886 2820 4936 Anima
2866 4902 2978 4938 mea
3008 4888 3059 4937 in
3100 4886 3333 4939 manibus
3363 4886 3487 4939 meis

1951 4986 2068 5033 erat
2099 4993 2333 5046 semper;
2370 4975 2421 5029 id
2451 4987 2554 5038 est,
2588 4978 2637 5029 in
2669 4977 2824 5030 bonis
2858 4978 3067 5031 actibus
3096 4994 3109 5029 :
3143 4990 3265 5030 nam
3284 4992 3487 5059 manus

1928 5058 2049 5135 pro
2079 5064 2286 5118 actibus
2318 5063 2622 5132 frequenter
2657 5065 2907 5119 traditur.
2941 5064 2994 5118 Si
3029 5074 3205 5119 autem
3235 5058 3293 5119 in
3315 5068 3487 5121 mani-

1955 5158 2055 5210 bus
2077 5155 2183 5209 tuis
2207 5154 2386 5219 luerit,
2409 5156 2765 5225 intelligamus
2792 5171 2983 5210 manus
3009 5156 3099 5210 Dei
3126 5171 3245 5211 esse
3262 5158 3487 5211 creatio-

1952 5264 2074 5303 nem
2098 5246 2239 5315 ejus,
2265 5247 2352 5300 cui
2379 5262 2589 5315 semper
2622 5248 2832 5301 animus
2865 5256 2943 5301 est
2973 5246 3328 5301 adhibendus.
3356 5246 3486 5299 Hm~

1952 5339 2172 5391 reditate
2218 5338 2468 5405 acquisiui
2506 5338 2800 5390 testimonia
2833 5348 2923 5390 tua
2957 5340 3008 5388 in
3054 5346 3323 5399 aeternum,
3364 5338 3486 5402 quia

1950 5431 2229 5485 exsultatio
2260 5429 2429 5482 cordis
2460 5432 2559 5483 mei
2596 5440 2732 5483 sunt.
2786 5427 3040 5482 Inclinavi
3075 5445 3165 5482 cor
3208 5444 3371 5481 meum
3421 5428 3483 5477 ad

1954 5519 2219 5589 faciendas
2241 5520 2645 5589 justi/icationes
2695 5530 2810 5571 tuas
2868 5520 2918 5571 in
2966 5529 3232 5584 ceteruum,
3282 5531 3489 5586 promes

1954 5611 2355 5663 retributionem.
