4318 6422
829 510 968 568 1385
1550 472 1808 564 unseen
1836 502 2301 565 CAESARIENSIS
2337 495 2483 565 opp.
2525 508 2699 567 psus
2729 508 2817 565 ιιι.
2855 542 2922 553 -
2952 510 3347 595 exsomnes.
3764 517 3775 530 ο
3875 514 4007 569 εδει

899 628 1059 683 Vsus.
1087 630 1217 701 “5-
1235 628 1351 686 Ηϐ,
1387 626 1595 696 Iniquos
1625 628 1741 681 odio
1764 628 1940 693 habui,
1961 639 2010 682 et
2033 629 2191 698 legem
2216 638 2357 682 tuam
2390 636 2430 691 Α
2524 633 2604 684 Ila

2298 646 2357 682 nn
2390 636 2430 691 Α
2524 632 2905 700 Πῳανόμους
2945 633 3222 702 ἐμίσησα,
3249 632 3352 685 τὸν
3387 631 3454 684 δὲ
3486 634 3669 702 νόμον
3703 647 3816 687 σου
3865 633 4003 702 ἠτά-

826 719 1010 773 dilexi.
1041 719 1267 786 Adjutor
1293 727 1342 770 et
1369 726 1635 785 susceptor
1662 735 1802 772 meus
1825 735 1877 773 es
1906 731 1981 785 tu,
2005 720 2059 771 in
2088 719 2241 773 verba
2272 729 2363 773 tua
2460 736 2531 787 πη

2297 737 2363 773 ua
2460 736 2642 789 πησα.
2674 724 2894 790 Βοηθός
2917 740 3035 792 μου
3063 724 3158 776 καὶ
3182 722 3551 789 ἁντιλήπτωρ
3567 739 3684 791 μου
3711 720 3771 776 εἷ
3794 723 3895 787 σὺ,
3917 718 4001 787 εις

826 805 1501 875 εαρενερρναυὶνυεειὶηαιε
1537 823 1569 859 α
1595 824 1693 871 me,
1738 807 1971 877 maligni,
1998 818 2049 862 et
2090 804 2365 863 scrutabor
2404 862 2407 863 ,
2460 828 2531 865 το

2291 826 2365 863 νον
2404 862 2407 863 ν
2460 811 2598 877 τοὺς
2619 815 2833 880 λόγους
2864 827 2978 867 σου
2997 812 3320 879 ἐπήλπισα.
3347 814 3684 865 Ἔκκλίνατε
3711 810 3811 866 ἀπ’
3835 808 3996 880 ἐμοῦ,

828 897 1077 948 mandata
1108 894 1200 949 Dei
1226 896 1345 949 mei.
1393 893 1607 963 Suscipe
1640 913 1719 950 me
1746 886 2024 950 secundum
2070 899 2364 951 misericoro

824 986 967 1039 diam
1002 998 1162 1048 tuam,
1202 995 1251 1051 et
1276 987 1476 1054 viui/ica
1518 1000 1617 1049 me,
1654 995 1702 1039 et
1734 1002 1835 1039 non
1860 987 2152 1054 confundas
2182 1005 2261 1042 me
2298 988 2362 1042 ab

822 1077 1195 1142 exspectatione
1229 1092 1359 1128 mea.
1392 1075 1677 1146 Postquam
1710 1076 1845 1130 dixit
1880 1093 1893 1127 :
1925 1076 2186 1132 Declinate
2208 1097 2240 1132 a
2260 1096 2358 1143 me,

824 1162 1057 1230 maligni,
1090 1170 1481 1231 consequenter
1523 1162 1684 1216 Deum
1713 1164 1777 1217 ad
1814 1179 1930 1219 eam
1960 1180 2072 1218 rem
2123 1166 2358 1230 invocat,

823 1257 880 1300 ut
908 1249 1024 1318 ejus
1049 1250 1243 1304 virtute
1271 1251 1486 1319 maligni
1510 1236 1576 1305 ab
1601 1254 1776 1305 anima
1804 1268 1899 1307 sua
1935 1254 2201 1323 pellantur
2232 1273 2244 1308 :
2279 1264 2361 1308 at-

820 1353 924 1407 que
953 1339 1121 1392 otium
1169 1350 1379 1403 nactus,
1418 1342 1579 1394 vitam
1611 1350 1664 1397 et
1713 1344 1965 1407 salutem,
1997 1360 2118 1414 quae
2166 1361 2360 1400 secun-

819 1430 945 1483 dum
977 1428 1140 1484 Deum
1172 1438 1273 1494 est,
1308 1440 1688 1501 consequatur,
1720 1448 1892 1505 neque
1924 1435 2137 1489 excidat
2170 1436 2237 1489 ab
2265 1450 2358 1491 ex-

819 1518 1147 1586 spectatione
1174 1533 1270 1572 sua
1305 1538 1317 1572 :
1349 1533 1413 1572 ac
1442 1534 1653 1574 rursum
1679 1534 1831 1589 opem
1858 1514 2093 1592 postulat
2118 1523 2183 1577 ad
2214 1524 2357 1579 salu-

819 1614 944 1663 tem.
976 1638 1045 1648 -—
1086 1608 1244 1664 Vens.
1278 1609 1421 1661 117-
1446 1610 1567 1664 120.
1594 1610 1799 1680 Adjuva
1833 1598 1928 1675 me,
1957 1623 2005 1666 et
2041 1614 2216 1668 salvus
2245 1631 2371 1677 ατο,-

816 1704 865 1750 et
894 1696 1178 1752 meditabor
1202 1700 1253 1751 in
1279 1699 1744 1767 justiﬁcationibus
1773 1703 1876 1755 tuis
1907 1719 2120 1771 semper.
2155 1704 2355 1771 Sprevi-

816 1790 885 1842 sti
938 1805 1112 1843 omnes
1161 1790 1530 1858 discedentesa
1569 1792 1787 1860 judiciis
1826 1794 1951 1857 tuis,
1981 1796 2104 1863 quia
2158 1797 2354 1863 injusta

814 1880 1057 1954 cogitatio
1099 1897 1296 1935 eorum.
1330 1880 1737 1937 Prwuaricantes
1764 1886 1997 1950 reputavi
2033 1900 2206 1938 omnes
2236 1902 2353 1953 pec-

2460 904 2930 972 πονηρευόμενοι,
2956 905 3049 957 καί
3081 901 3447 972 ὲξέρευνήσω
3476 901 3579 966 τὰς
3610 901 3860 964 ἐντολὰς
3898 899 4002 953 τοῦ

2463 994 2606 1047 Θεοῦ
2630 1011 2764 1062 μου.
2785 992 3113 1047 Ἅντιλαϐοὗ
3134 1011 3251 1062 μου
3279 992 3423 1046 κατὰ
3458 993 3521 1045 τὸ
3547 992 3716 1056 ἔλεός
3751 1006 3866 1042 σου
3901 987 3999 1041 καὶ

2459 1081 2639 1149 ζῆσόν
2664 1100 2757 1151 με,
2787 1083 2882 1136 καὶ
2902 1081 2985 1151 μὴ
3014 1083 3416 1151 καταισχύνῃς
3439 1097 3512 1149 με
3536 1079 3653 1133 ἀπὸ
3685 1077 3794 1145 τῆς
3818 1091 4002 1156 προσ-

2456 1170 2658 1236 δοκίας
2694 1189 2832 1240 μου.
2887 1170 3086 1234 Εἰπὼν,
3118 1171 3452 1223 Ἐκκλίνατε
3484 1170 3581 1222 ἀπ’
3613 1166 3756 1236 ἐμοῦ
3775 1205 3789 1229 ,
3825 1181 4001 1230 πονη-

2448 1265 2771 1331 ρευόμενοι,
2805 1261 3105 1324 ἀκολούθως
3132 1261 3219 1313 τὸν
3248 1260 3377 1312 Θεὸν
3404 1260 3495 1311 καὶ
3526 1261 3602 1321 εἰς
3633 1257 3786 1310 τοῦτο
3813 1257 3998 1308 ἐπικα-

2456 1353 2641 1414 λεῖται,
2677 1353 2749 1416 ὡς
2784 1353 2848 1406 ἂν
2876 1356 2940 1422 τῇ
2965 1351 3124 1405 αὐτοῦ
3149 1351 3369 1419 δυνάμει
3401 1348 3714 1402 ἁπελαθεῖεν
3748 1345 3847 1415 τῆς
3869 1346 3997 1397 ἑαυα-

2454 1443 2545 1497 τοῦ
2572 1445 2742 1514 ψυχῆς
2769 1446 2817 1495 οἱ
2840 1443 3265 1514 πονηρευόμενοι,
3291 1440 3480 1510 σχολῆς
3503 1455 3560 1491 τε
3588 1435 3761 1505 τυχὼν
3787 1435 3882 1504 τῆς
3901 1449 3997 1487 κα-

2452 1534 2519 1585 τὰ
2549 1534 2677 1586 Θεὸν
2707 1534 2847 1603 ζωῆς
2875 1550 2934 1584 τε
2960 1534 3050 1585 καὶ
3083 1531 3348 1602 σωτηρίας
3370 1529 3542 1598 τύχοι,
3576 1526 3668 1580 καὶ
3694 1527 3765 1596 μὴ
3794 1522 3995 1577 ἀποπέ-

2454 1636 2534 1674 σοι
2560 1624 2656 1692 τῆς
2682 1622 2869 1675 ἑαυτοῦ
2902 1621 3245 1694 προσδοκίαςο
3278 1620 3370 1672 καὶ
3402 1618 3559 1670 πάλιν
3586 1618 3723 1681 ἀξιοί
3753 1613 3995 1683 βοηθείας

2450 1714 2626 1780 τυχεῖν
2650 1713 2727 1774 είς
2757 1712 2815 1764 τὸ
2843 1711 3182 1780 διασωθῆναι.
3203 1707 3515 1776 Βοήθησόν
3538 1723 3655 1774 μοι,
3686 1704 3781 1757 καὶ
3814 1700 3995 1764 σωθή-

2404 1802 2407 1805 ’
2451 1816 2647 1869 σομαι,
2675 1802 2770 1853 καὶ
2794 1800 3099 1869 μελετήσει)
3133 1802 3203 1853 ἐν
3234 1799 3355 1863 τοῖς
3376 1793 3719 1863 δικαιώμασι
3742 1807 3856 1845 σου
3878 1790 3993 1843 δια-

2450 1890 2688 1953 παντός.
2709 1888 3139 1953 Ἑξουδένωσας
3171 1886 3396 1951 πάντας
3429 1884 3567 1949 τοὺς
3593 1878 3991 1951 ἀποστατοῦν-

813 1952 1010 2022 catores
1049 1980 1220 2033 terrai,
1254 1971 1368 2025 ideo
1415 1971 1577 2025 dilexi
1639 1975 1931 2027 testimonia
1994 1982 2101 2027 tua.
2139 1975 2349 2045 Conﬁge
2381 1952 2421 2006 Β
2448 1991 2518 2027 τα

2283 1978 2349 2045 ⁷9ε
2381 1952 2421 2006 Β
2448 1991 2553 2040 τας
2584 1952 2697 2030 ά.τό
2724 1976 2839 2030 τῶν
2865 1952 3259 2045 δικαιωμάτων
3283 1989 3418 2038 σου,
3449 1974 3535 2027 ὅτι
3571 1973 3777 2025 ἄδικον
3802 1972 3864 2023 τὸ
3891 1970 3988 2022 ὲν-

813 2059 991 2112 timore
1038 2069 1125 2114 tuo
1177 2076 1355 2114 carnes
1411 2077 1571 2130 meas,
1624 2078 1657 2115 a
1691 2063 1907 2131 judiciis
1950 2066 2085 2118 enim
2128 2064 2231 2118 tuis
2283 2066 2346 2118 ti-

809 2162 939 2201 mut.

2448 2068 2680 2134 θύμημα
2704 2067 2915 2121 αὐτῶν.
2949 2068 3422 2134 Παραϐαἰνοντας
3449 2052 3813 2133 ἐλογισάμην
3840 2060 3987 2113 πάγ-

2446 2171 2550 2221 τας
2596 2156 2734 2220 τοὺς
2779 2157 3157 2224 ἁμαρτωλοὺς
3204 2154 3314 2221 τῆς
3344 2153 3473 2224 γῆς,
3512 2153 3608 2206 διὰ
3643 2150 3815 2206 τοῦτο
3852 2146 3991 2218 ἠτά-

806 2252 971 2303 πησι
994 2236 1063 2291 τὰ
1077 2238 1362 2308 μαρτύριά
1391 2255 1523 2293 σου.
1549 2240 1911 2309 Καθήλωσον
1931 2243 2000 2297 ἐκ
2027 2245 2133 2299 τοῦ
2156 2246 2343 2314 φόϐου
2377 2261 2491 2302 σου
2525 2248 2624 2313 τὰς
2657 2245 2883 2315 σάρκας
2907 2256 3023 2315 μου
3040 2264 3052 2276 ·
3078 2246 3192 2300 ἀπὸ
3218 2248 3324 2317 γὰρ
3372 2246 3489 2299 τῶν
3542 2244 3834 2313 χριμάτων
3872 2256 3988 2296 σου

802 2332 1115 2399 ἐφοϐήθην.
1948 2380 1951 2381 ν
2158 2379 2166 2388 _

878 2422 1039 2479 Vsus.
1071 2423 1193 2477 121.
1220 2420 1344 2475 Feci
1372 2420 1631 2490 judicium
1655 2432 1703 2475 et
1715 2424 2004 2490 justitiam,
2030 2441 2133 2478 non
2160 2427 2339 2482 tradas

803 2531 883 2568 me
909 2514 1159 2582 injuriam
1182 2511 1520 2582 inferentibus
1551 2512 1695 2568 mihi.
1724 2512 1827 2577 Qui
1872 2515 1925 2567 in
1954 2516 2217 2587 principio
2265 2520 2342 2574 in-

801 2606 1021 2661 Stitutus
1052 2600 1244 2667 fuerat,
1287 2610 1347 2657 ut
1374 2603 1485 2671 jam
1533 2604 1759 2657 multum
1793 2604 2086 2675 profectus,
2122 2622 2184 2661 ac
2224 2625 2339 2664 ma-

799 2708 902 2764 gna
934 2700 1206 2763 Operatus,
1251 2700 1405 2764 rogat
1459 2707 1529 2749 ne
1573 2708 1605 2747 a
1657 2694 1900 2764 proiectu
1956 2711 2054 2751 suo
2101 2700 2330 2755 excidat.

799 2783 1001 2857 Deinde
1030 2783 1393 2838 considerans
1416 2782 1677 2852 plurimos
1714 2798 1835 2839 esse
1858 2786 1946 2854 qui
1987 2769 2168 2855 probis
2197 2789 2335 2842 invi-

797 2873 979 2939 deant,
1015 2888 1139 2928 cum
1179 2872 1317 2927 nihil
1361 2873 1484 2925 mali
1522 2873 1589 2928 de
1619 2873 1748 2942 ipsis
1779 2874 2061 2930 dicendum
2090 2877 2339 2940 habeant,

794 2964 1201 3035 calumniasque
1228 2973 1407 3019 tamen
1453 2973 1696 3031 struant;
1724 2966 1971 3021 obsecrat
2003 2960 2055 3021 et
2099 2981 2248 3041 rogat
2275 2972 2342 3025 ab

797 3055 865 3112 iis
895 3056 1136 3113 liberari.
1175 3053 1282 3110 Pro
1321 3055 1413 3108 illo
1453 3061 1633 3108 autem
1668 3070 1682 3107 :
1714 3055 1964 3123 iniuriam
2002 3057 2340 3125 inferentibus

796 3147 942 3211 milii,
990 3146 1185 3218 Aquila
1215 3164 1227 3199 :
1263 3142 1343 3199 Ne
1374 3142 1611 3197 dimittas
1650 3159 1729 3197 me
1763 3145 2200 3203 calumniantibus
2231 3166 2331 3214 me,

794 3234 983 3289 edidit.

867 3324 1028 3379 Vsus.
1070 3320 1190 3378 122.
1232 3321 1355 3378 Feci
1384 3323 1650 3393 judicium
1686 3332 1733 3377 et
1752 3323 2037 3391 justitiam,
2077 3344 2177 3380 non
2222 3336 2334 3383 ira"-
2358 3299 2401 3357 ο

792 3418 890 3472 das
924 3432 1007 3470 me
1033 3415 1283 3486 injuriam
1304 3414 1641 3480 inferentibus
1676 3414 1821 3467 mihi.
1875 3412 2092 3482 Suscipe
2127 3407 2337 3472 seruum

791 3517 937 3560 tuum
964 3506 1017 3577 in
1048 3492 1261 3569 bonum,
1297 3520 1399 3558 non
1436 3504 1823 3557 calumnientur
1850 3519 1929 3557 me
1973 3506 2197 3572 superbi.
2230 3506 2333 3573 Qui

791 3594 1163 3666 paenitentiam
1199 3593 1325 3664 egit,
1361 3607 1392 3646 a
1426 3593 1746 3649 vexantibus
1784 3607 1842 3650 se
1868 3601 2077 3658 erutus,
2114 3603 2274 3665 atque
2302 3612 2333 3651 a

789 3686 1095 3756 captivitate
1128 3684 1437 3753 redemptus
1464 3683 1538 3737 ait
1578 3697 1591 3732 :
1626 3680 1841 3750 Suscipe
1876 3698 2078 3756 servum
2106 3682 2249 3738 tuum
2280 3688 2333 3740 in

790 3749 1014 3838 bonum;
1040 3774 1094 3828 hi
1130 3787 1362 3842 namque
1396 3786 1481 3826 me
1511 3770 1564 3825 in
1591 3771 1791 3824 malum
1824 3749 2189 3839 susceperant.
2217 3771 2332 3827 Nisi

788 3869 932 3922 enim
970 3880 1055 3920 me
1078 3880 1292 3920 servum
1327 3870 1476 3916 tuum
1504 3861 1740 3916 inimicis
1766 3860 2046 3917 subactum
2080 3877 2331 3932 suscepe-

788 3958 904 4023 ris;
953 3955 1007 4010 bi
1053 3952 1581 4024 superbi,'videlicet
1614 3948 1967 4033 adversaria:
2012 3961 2327 4023 potestates,

787 4065 873 4105 me
897 4048 1300 4104 calumniatores
1324 4052 1469 4100 sunt.
1493 4042 1771 4110 Quomodo
1790 4051 1969 4101 autem
1998 4044 2330 4102 calumnian-

787 4141 913 4195 tur?
943 4140 1076 4210 Ipsae
1097 4155 1182 4193 me
1210 4138 1511 4195 incitarunt
1537 4134 1775 4205 mihique
1808 4143 2095 4192 suaserunt
2118 4143 2177 4190 ut
2206 4152 2328 4206 pec.

784 4239 938 4287 cator
967 4230 1246 4287 evaderem
1277 4248 1290 4285 :
1321 4244 1383 4284 ac
1416 4229 1546 4299 ipsa:
1571 4227 1682 4297 jam
1725 4241 1818 4281 mea
1852 4234 2129 4291 accusant,
2161 4234 2327 4281 totam

785 4323 990 4394 peccati
1016 4337 1243 4376 causam
1275 4321 1328 4377 in
1371 4334 1459 4375 me
1489 4316 1847 4373 conferentes.
1879 4316 2196 4392 Necessario
2241 4334 2328 4372 ro-

784 4426 874 4485 gat
922 4414 1089 4469 Deum
1144 4422 1202 4468 ut
1248 4421 1528 4483 susceptor
1563 4411 1734 4480 ipsius
1764 4410 1853 4475 sit,
1880 4398 2326 4479 quemadmodum
2368 4443 2371 4447 ‹

783 4516 837 4562 et
864 4521 1124 4577 sponsor;
1171 4513 1229 4558 ut
1266 4505 1382 4575 ipse
1422 4510 1610 4559 custos
1646 4502 1813 4570 ipsius
1844 4499 2124 4563 eiliciatur,
2166 4514 2327 4570 spon-

2515 2426 2796 2489 'E:zolnaa
2831 2423 3004 2491 κρίμα
3161 2422 3569 2488 ὃικαιοσυνην,
3598 2419 3684 2489 μὴ
3714 2422 3988 2490 παραὸῷς

2428 2530 2505 2583 με
2535 2512 2654 2577 τοῖς
2686 2512 2963 2589 ἀδικοῦσί
2986 2528 3080 2580 με.
3100 2511 3155 2563 Ὀ
3184 2511 3320 2562 κατὰ
3351 2510 3444 2581 τὴν
3484 2512 3654 2581 ἀρχὴν
3693 2515 3982 2584 στοιχειού-

2438 2621 2614 2675 μενος,
2638 2603 2712 2666 ὡς
2742 2603 2805 2657 ἃν
2827 2602 2925 2673 ήδη
2956 2603 3228 2675 προκόψας
3256 2602 3345 2655 ἐπὶ
3375 2602 3526 2665 πολὺ,
3561 2603 3740 2655 καὶτὰ
3776 2605 3981 2673 μεγάλα

2437 2693 2799 2765 κατορθώσας,
2820 2693 3033 2763 εὔχεται
3063 2693 3135 2762 μὴ
3163 2694 3407 2745 ἐκπεσεῖν
3428 2692 3525 2763 τῆς
3546 2691 3981 2764 προκοπῆς.Εῐτα

2439 2784 2692 2855 συνορῶν,
2719 2785 2800 2836 ὅτι
2833 2787 2941 2846 τοῖς
2964 2783 3144 2845 καλοῖς
3173 2782 3355 2835 πολλοὶ
3380 2782 3745 2851 βασκαίνουσι,
3773 2784 3866 2837 καὶ⁸
3897 2784 3983 2838 λέ-

2435 2890 2550 2943 γειν
2586 2873 2681 2943 μὲν
2706 2890 2757 2924 τι
2795 2872 2991 2940 φαῦλον
3022 2871 3145 2942 περὶ
3182 2871 3356 2924 αὐτῶν
3388 2872 3535 2925 οὐδὲν
3565 2871 3796 2942 ἔχουσιν,
3828 2891 3981 2947 περι-

2435 2961 2765 3015 πλέκουσιδέ
2792 2963 3167 3030 συκοφαντίας,
3199 2960 3423 3013 ἱκετεύει
3455 2962 3545 3015 καὶ
3572 2963 3747 3017 δέεται
3780 2964 3981 3020 τούτων

2438 3046 2875 3124 ρυσθῆναιῖἈντὶ
2897 3053 2972 3115 δὲ,
2998 3052 3122 3118 τοῖς
3147 3052 3423 3107 ἀδικοῦσί
3440 3070 3536 3121 με,
3554 3048 3781 3119 Ἀκύλας
3799 3054 3981 3120 ἐξέδωέ

2436 3161 2526 3200 κε’
2558 3144 2654 3212 Μὴ
2685 3143 2842 3212 ἀφῇς
2862 3161 2939 3212 με
2962 3145 3092 3210 τοῖς
3119 3142 3565 3212 συκοφαντοῦσί
3582 3160 3679 3214 με.
3904 3166 3909 3172 ·

2514 3324 2790 3389 Ἐποίησα
2819 3324 2994 3392 κρίμα
3024 3323 3120 3376 καὶ
3150 3322 3570 3391 δικαιοσύνην,
3593 3322 3679 3393 μὴ

2428 3391 2506 3483 ,ῖιῖ
2529 3413 2649 3478 τοῖς
2674 3414 2949 3467 ἀδικοῦσι
2969 3412 3351 3482 με.Ἕκδεξαι
3377 3412 3483 3467 τὸν
3504 3391 3728 3469 6013.167-
3747 3391 3863 3469 σου
3888 3391 3979 3482 εις

2431 3504 2670 3574 ἀγαθὸν,
2698 3504 2782 3572 μὴ
2818 3503 3442 3572 συκοφαντησάτωσάν
3471 3521 3547 3573 με
3585 3502 3967 3574 ὑπερήφανοι..

2443 3592 2501 3645 '0
2538 3594 2864 3663 μετανοήσας
2888 3594 2979 3645 καὶ
3017 3586 3122 3645 ἀπὸ
3148 3592 3255 3646 τῶν
3280 3593 3680 3666 ἐνεργησάντων
3710 3596 3788 3657 εἰς
3811 3593 3972 3649 αὐτὸν

2431 3682 2656 3748 ἐξελθὼν
2686 3685 2777 3738 καὶ
2802 3672 2898 3755 τῆς
2929 3684 3293 3756 αἰχμαλωσίας
3315 3684 3602 3756 λυτρωθείς
3626 3701 3815 3758 φησινῗ
3846 3687 3971 3740 Ἕκ-

2430 3772 2595 3837 δεξαι
2615 3775 2718 3827 τὸν
2742 3774 2961 3829 δοῦλόν
2986 3791 3100 3830 σου
3120 3778 3206 3841 εὶς
3229 3776 3449 3845 ἀγαθόν
3467 3794 3480 3807 ·
3515 3770 3655 3830 οὗτοι
3676 3777 3782 3848 γάρ
3807 3794 3874 3849 με
3894 3772 3975 3840 εἰς

2396 3936 2403 3949 Χ
2430 3863 2658 3934 πονηρὸν
2685 3863 3001 3928 ἐξεδέξαντο.
3019 3866 3140 3919 Ἐὰν
3172 3866 3276 3936 γὰρ
3308 3867 3381 3937 μὴ
3409 3866 3594 3939 ἐκδέξῃ
3628 3884 3695 3938 με
3732 3869 3823 3924 τὸν
3858 3867 3976 3932 δοῦ-

2428 3954 2517 4008 λόν
2544 3971 2635 4007 σου
2667 3955 2967 4025 ὑποχείριον
2992 3955 3276 4026 γενόμενον
3296 3960 3405 4019 τοῖς
3441 3958 3730 4026 πολεμίοις,
3761 3955 3901 4014 οὗτοι
3923 3961 3973 4013 oi

2429 4036 2779 4118 ὑπερήφανοι,
2808 4048 2861 4099 αἱ
2903 4046 3263 4119 ἀντικείμεναι
3301 4047 3572 4117 δυνάμεις,
3606 4049 3854 4118 μέλλουσί
3903 4068 3973 4122 με

2429 4140 2794 4207 συκοφαντεῖν.
2826 4138 2948 4202 Πῶς
2983 4138 3039 4193 δέ
3072 4125 3518 4207 συκοφαντοῦσινς
3548 4134 3714 4194 Λῦται
3743 4142 3974 4215 ἐνήργη-

2428 4246 2525 4286 σαν
2564 4230 2673 4303 και
2698 4229 2916 4284 ἔπεισαν
2950 4231 3015 4285 ἵν’
3046 4230 3361 4302 ἁμαρτωλὸς
3384 4230 3626 4301 γένωμαι
3644 4248 3657 4263 ·
3686 4233 3781 4286 καὶ
3812 4225 3972 4287 αὗταί

2429 4336 2519 4390 μοι
2549 4322 2839 4393 κατήγοροι
2856 4322 3241 4391 γίνονται,ὂλην
3268 4321 3363 4393 τὴν
3391 4322 3567 4377 αἰτίαν
3594 4321 3701 4377 τῶν
3723 4325 3975 4395 ἁμαρτη-

2400 4402 2610 4481 μάτων
2652 4412 2730 4474 εἰς
2773 4412 2870 4482 ἐμὲ
2912 4406 3289 4483 ἀναφέρουσαι.
3308 4414 3636 4482 Ἀναγκαίως
3668 4414 3973 4486 παρακαλεῖ

2424 4501 2513 4554 τὸν
2540 4500 2669 4555 Θεὸν
2692 4501 2945 4572 ἀνάδοχον
2973 4501 3134 4554 αὐτοῦ
3155 4504 3421 4570 γενέσθαι,
3447 4504 3630 4576 ὥσπερ
3652 4505 3743 4559 καὶ
3769 4507 3968 4575 ἐγγυη-

785 4599 991 4653 sionem
1024 4608 1246 4652 servans
1275 4610 1339 4648 ac
1378 4592 1711 4655 custodiens,
1741 4596 1801 4643 ut
1831 4603 1899 4644 ne
1927 4588 2202 4641 minimam
2237 4604 2327 4641 an-
2353 4615 2400 4673 Β
2424 4591 2489 4659 τή

2263 4604 2327 4641 ιι]-
2353 4615 2400 4673 D
2424 4591 2550 4659 τήν·
2585 4590 2650 4644 ἵν’
2678 4591 2834 4653 αὐτὸς
2878 4590 3044 4658 φύλαξ
3086 4590 3246 4643 αὐτοῦ
3286 4590 3532 4663 γένηται,
3568 4593 3745 4662 τηρῶν
3794 4593 3968 4663 ἑαυτῷ

784 4705 899 4745 sam
922 4689 1155 4760 praebeat
1182 4684 1564 4741 insidiantibus
1597 4682 1698 4738 sibi
1721 4678 2217 4735 calumniatoribus.

855 4867 1015 4921 γης.
1036 4860 1325 4919 125426.
1370 4859 1522 4916 Oculi
1558 4859 1657 4911 mei
1696 4856 1988 4926 defecerunt
2013 4858 2067 4937 in
2093 4856 2325 4910 salutare

786 4971 951 5026 tuum,
986 4969 1035 5013 et
1071 4960 1127 5010 in
1169 4954 1427 5021 eloquium
1450 4951 1828 5020 justitianute.
1872 4946 1985 5002 Fac
2024 4965 2140 5002 cum
2182 4964 2324 5002 servo

788 5062 873 5105 tuo
906 5048 1186 5105 secundum
1212 5041 1624 5098 misericordiam
1659 5051 1821 5106 tuam,
1850 5049 1899 5095 et
1921 5038 2322 5109 justiﬁcationes

787 5153 904 5197 tuas
946 5142 1071 5195 doce
1106 5138 1215 5192 me;
1235 5134 1423 5191 Servus
1456 5142 1572 5186 tuus
1603 5149 1717 5187 sum
1748 5150 1839 5202 ego
1871 5147 1888 5183 :
1922 5130 1990 5184 da
2014 5130 2139 5185 mihi
2172 5130 2323 5183 intel-

787 5235 1012 5294 lectum,
1066 5240 1113 5283 et
1148 5225 1311 5281 sciam
1354 5223 1647 5277 testimonia
1697 5233 1806 5276 tua.
1850 5221 2067 5290 Tempus
2097 5219 2322 5289 faciendi

786 5324 1032 5385 Domino,
1048 5321 1421 5388 dissipaverunt
1444 5315 1599 5386 legent
1624 5323 1786 5367 tuam.
1811 5312 2036 5368 Sursum
2054 5311 2322 5382 aspiciens

721 5396 727 5401 ’
786 5416 853 5470 ad
902 5413 1135 5469 salutare
1162 5418 1311 5465 tuum
1344 5414 1397 5463 et
1424 5406 1646 5461 verbum
1677 5411 1850 5469 tuum,
1894 5411 2081 5485 totam,
2125 5403 2318 5471 inquit,

676 5518 680 5523 ‘
786 5522 933 5576 spem
965 5518 1136 5558 meam
1185 5501 1310 5555 hinc
1342 5498 1575 5570 pendere
1616 5494 1739 5560 feci,
1769 5494 1883 5549 erui
1923 5508 2008 5549 me
2042 5494 2320 5565 postulans

785 5599 851 5651 ab
878 5594 1237 5651 invideotibus
1264 5589 1422 5647 saluti
1457 5602 1609 5643 meae.

854 5785 1015 5840 Vnus.
1052 5784 1175 5838 l‘27.
1216 5780 1339 5834 Ideo
1367 5776 1526 5831 dilexi
1553 5774 1801 5829 mandata
1830 5782 1918 5827 tua
1945 5788 2095 5842 super
2128 5787 2317 5825 aurum

782 5885 834 5932 et
861 5878 1117 5946 topaaicu.
1152 5872 1261 5944 Ego
1292 5869 1507 5942 quidem
1534 5865 1636 5925 feci
1660 5865 1923 5938 judicium
1952 5872 2005 5922 et
2020 5862 2309 5937 justitiam,

2428 4678 2522 4732 καὶ
2566 4678 2839 4747 φυλάττων
2865 4679 2959 4748 τὴν
2984 4678 3203 4749 ἐγγύην,
3240 4680 3373 4751 πρὸς
3413 4679 3474 4733 τὸ
3512 4680 3775 4750 μηδεμίαν
3799 4680 3968 4753 λαβὴν

2424 4771 2717 4841 παρασχεῖν
2747 4772 2854 4833 τοῖς
2888 4768 3259 4838 ἐφεδρεύουσιν
3290 4769 3437 4839 αὐτῷ
3463 4771 3839 4838 συκοφάνταις.

2494 4864 2556 4914 Ol
2588 4861 2875 4930 ὀφθαλμοί
2890 4878 3007 4929 μου
3029 4859 3305 4923 ἐξέλιπον
3320 4863 3403 4925 εὶς
3428 4860 3494 4913 τὸ
3517 4861 3807 4927 σωτήριόν
3824 4875 3961 4926 σου,

2420 4951 2516 5004 καὶ
2552 4955 2637 5016 εὶς
2672 4951 2737 5005 τὸ
2762 4955 2967 5021 λόγιον
2998 4948 3108 5018 τῆς
3132 4949 3511 5016 δικαιοσύνης
3531 4965 3663 5005 σου.
3699 4952 3965 5019 Ποίησον

2413 5044 2562 5111 μετά
2586 5042 2693 5097 τοῦ
2725 5042 2945 5096 δούλου
2970 5054 3085 5095 σου
3113 5039 3259 5095 κατὰ
3290 5026 3356 5093 τὸ
3389 5040 3557 5106 ἔλεός
3588 5056 3723 5107 σου,
3760 5042 3856 5095 και
3888 5043 3963 5096 τὰ

2420 5131 2768 5203 δικαιώματά
2791 5150 2905 5187 σου
2930 5130 3173 5196 δίδαξόν
3186 5147 3279 5200 με.
3296 5130 3519 5197 Δοῧλός
3542 5148 3657 5187 σου
3680 5133 3796 5202 εἰμὶ
3822 5132 3957 5204 ἐγὼ,

2419 5224 2739 5278 συνέτισόν
2778 5240 2874 5293 με,
2904 5223 2998 5276 καὶ
3036 5220 3331 5290 γνώσομαι
3379 5222 3449 5275 τὰ
3490 5222 3777 5292 μαρτύριά
3817 5241 3953 5279 σου.

2417 5314 2630 5383 Καιρὸς
2658 5314 2762 5368 τοῦ
2792 5312 3034 5382 ποιῆσαι
3078 5311 3157 5378 τῷ
3190 5313 3400 5381 Κυρίῳ,
3429 5313 3822 5369 δίεσκέδασαν
3850 5315 3956 5368 τὸν

2416 5407 2599 5473 νόμον
2621 5407 2908 5460 σου.”Ανω
2928 5404 3135 5474 βλέπων
3162 5404 3251 5458 ἐπὶ
3280 5404 3339 5457 τὸ
3368 5405 3624 5477 σωτήριόν
3646 5408 3843 5476 σουκαὶ
3863 5407 3961 5462 τὸν

2417 5494 2569 5564 λόγον
2603 5513 2713 5561 σου,
2752 5498 2947 5563 πάσας,
2981 5497 3165 5567 φησὶν,
3200 5496 3473 5569 ὰνήρτησα
3517 5496 3608 5551 ἐπὶ
3649 5498 3818 5553 ταῦτα
3853 5498 3954 5562 τὰς

2418 5587 2649 5658 ἐμαυτοῦ
2681 5588 2913 5651 ἐλπίδας,
2941 5586 3195 5657 ρυσθῆναι
3218 5583 3587 5660 δεόμενος’ἀπὸ
3603 5587 3709 5643 τῶν
3734 5589 3953 5659 διαφθο-

2417 5677 2646 5755 νούντων
2680 5696 2779 5750 μου
2804 5682 2869 5749 τῇ
2904 5678 3158 5749 σωτηρίᾳ.
3524 5744 3530 5749 .
3564 5750 3572 5755 _
3780 5692 3783 5697 ’

2485 5748 2586 5822 διὰ
2609 5748 2777 5822 τοῦτο
2804 5748 3085 5835 ἠγάπησα
3117 5758 3221 5833 τὰς
3243 5765 3489 5831 ἐντολάς
3508 5748 3621 5819 σου
3642 5765 3792 5834 ὑπὲρ
3816 5775 3952 5835 χρύ-

2417 5860 2553 5915 σιον
2581 5860 2676 5915 καί
2714 5858 2997 5921 τοπάζιον.
3018 5858 3153 5929 Ἐγὼ
3183 5860 3280 5932 μὲν
3302 5859 3527 5933 ἐποίησα
3558 5859 3728 5933 κρίμα
3757 5858 3849 5913 καὶ
3871 5854 3950 5911 δι-
