4318 6402
830 497 963 554 1587
1453 490 1717 549 EUSEBII
1755 487 2226 549 CASSABIENSIS
2265 486 2415 546 OPP.
2455 487 2636 544 PARS
2677 487 2765 543 Ill.
2806 519 2873 531 —
2905 487 3305 547 EXEGETICA.
3897 484 4029 544 1588

826 612 974 682 quia
1013 590 1610 680 Deo,.inisericordiam
1649 614 2074 677 consequuntur,
2113 606 2200 659 alii
2250 619 2368 659 eam
2400 611 2442 667 Α
2471 604 2531 656 Θε

2320 620 2368 657 m
2400 611 2442 667 Α
2471 604 2604 656 Θεοῦ
2629 603 2977 674 ὲλεουμένων,
3008 606 3056 657 οἱ
3101 606 3198 675 μὲν
3237 603 3559 674 τυγχάνουσι
3587 603 3776 657 τούτου
3808 601 3898 663 διὰ
3933 619 4025 671 με·

827 721 924 773 per
951 703 1318 773 paenitentiam
1344 701 1608 765 obtinent,
1637 700 1746 769 jam
1779 715 1807 751 a
1841 699 2082 766 peccatis
2116 695 2370 750 recedenv
2476 712 2532 746 τα

2320 712 2370 748 uo
2476 694 2708 756 τανοίας,
2738 693 2861 764 ἄρτι
2901 695 3179 764 ἁμαρτιῶν
3217 694 3616 766 ἀναχωροῦντες
3653 693 3744 746 καὶ
3787 691 4025 761 ἐξομολοι

827 804 908 849 tes
940 808 1108 862 eaque
1135 791 1489 856 confitentes;
1535 790 1625 844 alii
1667 789 2050 844 misericordia:
2082 788 2173 842 Dei
2208 803 2369 856 expe-
2477 778 2532 851 γε

2325 803 2369 841 3-
2477 778 2726 854 γούμενοι
2747 802 2759 813 ·
2793 787 2841 837 ol
2873 785 2928 838 δὲ
2970 789 3164 856 πεῖραν
3190 785 3337 840 ἐλέου
3366 786 3501 839 Θεοῦ
3525 784 3908 855 λαμϐάνουσιν,
3942 784 4030 835 ἐπὶ

791 913 795 917 -
828 885 1111 937 rimentum
1150 889 1392 942 sumunt,
1429 879 1572 948 quod
1605 879 1851 950 profectu
1883 880 2026 933 aucti
2081 877 2148 931 ad
2198 879 2373 947 ipsum
2479 893 2496 926 ’1

2325 891 2373 929 m
2479 874 2555 944 τῷ
2606 875 3008 946 προκόπτοντας
3057 876 3284 930 σπεῦσαι
3320 878 3412 930 ἐπὶ
3461 877 3521 930 τδ
3559 877 3708 940 τέλος
3755 875 3888 929 αὐτὸ
3935 877 4030 945 τῆς

825 974 1042 1028 virtutis
1061 973 1220 1028 linem
1255 980 1542 1027 maturent.
1590 970 1688 1025 Hic
1715 972 1897 1040 itaque
1926 979 2182 1040 precatur
2209 969 2373 1023 mise-
2479 964 2530 1032 ἀι

2325 983 2373 1023 3-
2479 964 2696 1032 ἀρετῆς.
2725 961 2976 1032 Εὖχεται
3017 959 3109 1017 οὖν
3158 960 3307 1028 οὗτος
3354 965 3635 1036 ἐλεηθῆναι
3682 965 3742 1019 οὐ
3789 964 3932 1018 κατὰ
3973 963 4030 1017 τὺ

827 1069 1116 1124 ricordiam
1141 1067 1422 1136 consequi,
1449 1080 1553 1118 non
1585 1064 1879 1124 secundum
1898 1061 2161 1130 judicium
2189 1072 2376 1113 eorum
2475 1070 2532 1124 κε

2325 1072 2376 1110 m
2475 1053 2649 1124 κρῖμα
2672 1053 2778 1107 τῶν
2811 1057 3230 1136 μετανοούντων,
3258 1056 3391 1109 ἀλλὰ
3412 1055 3519 1109 τῶν
3548 1055 3884 1123 ἀγαπώντων
3918 1055 4029 1108 δνο-

829 1160 919 1228 qui
954 1133 1340 1228 pteuitentiam
1372 1163 1568 1223 agunt;
1614 1152 1709 1206 sed
1763 1167 1950 1208 eorum
2006 1151 2100 1219 qui
2147 1149 2376 1216 diligunt
2479 1162 2534 1214 με

2325 1156 2376 1200 nt
2479 1162 2553 1214 μα
2600 1145 2841 1215 Κυρίου·
2877 1149 2984 1202 τῶν
3025 1133 3155 1219 γὰρ’
3182 1151 3300 1202 κατ’
3333 1147 3528 1220 ἀρετὴν
3577 1148 3669 1200 καὶ
3700 1147 3897 1215 γνῶσιν
3935 1146 4030 1216 τῆς

830 1263 1024 1303 nomen
1081 1246 1291 1300 Domini
1323 1262 1336 1297 ε
1368 1258 1490 1296 nam
1540 1257 1770 1311 persona
1821 1256 1939 1311 qua:
1994 1240 2236 1310 loquitur
2292 1241 2376 1290 est
2478 1235 2535 1287 ἀλ

2326 1241 2376 1290 st
2478 1228 2732 1305 ἀληθείας
2778 1237 2909 1290 πολὺ
2956 1238 3339 1308 προκοψάντων
3388 1238 3449 1290 τὸ
3499 1237 3654 1305 λέγον
3712 1237 4027 1307 πρόσωπον·

826 1352 1036 1399 eorum,
1071 1336 1162 1405 qui
1187 1335 1412 1388 multum
1456 1333 1510 1386 in
1563 1333 1762 1386 virtute
1798 1341 1851 1386 et
1886 1330 2131 1384 veritatis
2181 1326 2373 1381 notitia
2476 1322 2531 1373 διέ

2324 1326 2373 1378 ia
2476 1322 2556 1374 διὸ
2584 1325 2676 1376 καὶ
2701 1326 3130 1397 παρρησιάζεται
3161 1327 3389 1396 ὀφθῆναι
3414 1327 3492 1398 τῷ
3521 1327 3657 1398 Θεῷ.
3691 1325 4029 1394 Ἐπίόλεψον,

827 1426 1191 1499 profecerunt.
1242 1422 1606 1488 Quamobrem
1664 1421 1996 1475 conﬁdenter
2026 1417 2263 1487 postulat
2319 1415 2371 1467 in
2479 1417 2532 1479 γέ

2327 1415 2371 1467 in
2479 1412 2585 1483 γάρ
2614 1432 2776 1485 φησιν
2801 1457 2815 1481 ,
2844 1419 2927 1470 ἐπ’
2956 1419 3053 1487 ἐμὲ
3068 1419 3159 1471 καὶ
3185 1419 3240 1483 ἐξ
3267 1419 3507 1488 ἀνάγκης
3526 1417 3709 1486 ἕψεται
3732 1417 3791 1471 τδ
3813 1416 4032 1488 ἐλεηθῆ-

825 1523 1175 1588 conspectum
1217 1514 1307 1569 Dei
1340 1529 1397 1568 se
1446 1512 1647 1567 venire.
1679 1510 1926 1582 Respice,
1957 1510 2151 1580 inquit,
2184 1509 2234 1561 in
2265 1522 2368 1568 me,

2480 1503 2568 1555 ναί
2611 1521 2695 1574 με.

825 1619 876 1666 et
931 1611 1057 1664 hinc
1117 1607 1425 1662 necessario
1491 1612 1746 1675 sequetur
1813 1621 1898 1660 me
1940 1600 2368 1657 misericordiam
2405 1597 2689 1664 consequi.

900 1719 1060 1774 Vens.
1093 1720 1213 1774 155.
1245 1717 1465 1771 Gressus
1505 1733 1644 1770 meos
1694 1716 1860 1785 dirige
1917 1713 2200 1769 secundum
2261 1697 2369 1765 elo-

820 1814 1000 1884 quium
1024 1821 1189 1874 tuum,
1223 1819 1272 1863 et
1300 1826 1401 1862 non
1428 1807 1723 1861 dominetur
1746 1807 1871 1859 mihi
1900 1806 2066 1859 omnis
2087 1805 2369 1873 injustitia.

2553 1711 2634 1764 Τὰ
2673 1689 2997 1781 διαδήματα
3044 1730 3164 1781 μου
3205 1715 3571 1768 κατεύθυνον
3618 1714 3766 1768 κατὰ
3807 1714 3874 1770 τὸ
3932 1717 4036 1772 λό-

2479 1801 2609 1870 γιόν
2669 1817 2783 1855 σου
2804 1842 2817 1865 ,
2871 1801 2965 1854 καὶ
3010 1801 3096 1870 μὴ
3153 1803 3662 1871 κατακυριευσάτω
3690 1823 3824 1875 ¹μου
3869 1807 4036 1869 πᾶσα

825 1903 1130 1958 Secundum
1151 1900 1426 1968 eloquium
1462 1898 1552 1952 Dei
1587 1897 1757 1966 dirige
1799 1911 2020 1967 gressus
2077 1908 2250 1957 meos,
2283 1893 2373 1963 qui
2409 1902 2449 1956 Β
2478 1893 2530 1946 d1

2328 1893 2373 1947 ui
2409 1902 2449 1956 Β
2478 1893 2712 1961 ἀνομία.
2746 1893 2900 1947 Κατὰ
2942 1893 3002 1946 τὸ
3042 1895 3217 1963 λόγιον
3250 1895 3340 1950 τοῦ
3386 1894 3520 1948 Θεοῦ
3572 1897 3892 1953 κατευθύνει
3924 1902 3941 1920 ¹
3964 1900 4033 1954 τὰ

819 2007 887 2046 ex
920 1991 1122 2044 malitia
1151 1988 1524 2058 etignorantia
1558 1986 1625 2040 ad
1659 1987 1910 2039 virtutem
1941 1993 1993 2040 et
2010 1983 2372 2054 cognitionem

820 2083 1063 2138 veritatis
1086 2079 1421 2152 proﬁciscor.
1455 2076 1589 2131 Nam
1624 2085 1808 2132 rectus
1850 2091 2028 2130 sermo
2055 2075 2290 2130 director
2319 2083 2373 2127 et

819 2174 928 2228 dux
957 2174 1140 2228 talium
1170 2187 1451 2243 gressuum
1474 2178 1574 2225 est.

891 2370 1054 2426 Vens.
1122 2370 1247 2425 154.
1281 2369 1490 2423 Redime
1522 2381 1602 2420 me
1632 2381 1663 2418 a
1693 2364 1958 2418 calumnia
2006 2363 2293 2422 hominum,
2323 2370 2372 2414 et

810 2464 1115 2518 custodiam
1140 2462 1391 2515 mandata
1418 2470 1529 2514 tua.
1559 2459 1615 2513 In
1654 2456 1956 2512 mercedem
1989 2453 2374 2509 misericordiae.

818 2570 924 2625 qua
964 2553 1225 2609 liberatus
1269 2559 1352 2607 est
1395 2566 1424 2604 a
1463 2550 1750 2605 calumniis
1789 2546 2088 2607 hominum,
2131 2559 2194 2599 se
2221 2558 2374 2597 man-

814 2647 944 2698 data
994 2643 1208 2698 Domini
1260 2642 1674 2697 observaturum
1740 2638 2023 2709 pollicetur
2067 2655 2080 2689 :
2128 2637 2211 2690 vel
2261 2651 2372 2689 non

819 2742 930 2790 tam
960 2734 1286 2798 mercedem,
1331 2747 1490 2803 quam
1553 2729 1851 2802 gratiarum
1905 2728 2170 2781 actionem
2234 2741 2372 2796 prae-

822 2825 942 2885 beo,
974 2834 1033 2877 ut
1065 2822 1301 2877 redimar
1328 2836 1358 2874 a
1391 2819 1658 2874 calumnia
1717 2817 2017 2872 hominum.
2061 2813 2214 2870 Hanc
2243 2829 2372 2869 vero

821 2913 1047 2981 gratiam
1086 2913 1444 2982 impetrarunt
1472 2907 1672 2977 Joscph
1706 2915 1758 2962 et
1803 2905 2071 2962 Susanna.
2105 2888 2368 2960 Caeterum

819 3000 1024 3070 tropice
1057 2998 1303 3053 homines
1348 2997 1452 3052 dici
1490 2997 1701 3066 possint
1737 2995 1987 3050 diabolus
2015 3001 2068 3049 et
2118 2997 2370 3048 adversa-

819 3098 913 3152 riae
945 3097 1062 3166 ejus
1115 3095 1277 3150 socia:
1325 3099 1640 3163 potestates,
1671 3105 1700 3143 a
1732 3105 1963 3160 quarum
2017 3087 2368 3159 sycophantia

820 3186 1082 3242 redimere
1101 3185 1271 3240 solius
1296 3182 1386 3238 Dei
1416 3194 1516 3238 est.

2476 1981 2783 2052 διαδήματά
2813 2001 2935 2054 μου,
2985 1985 3048 2036 ἐκ
3093 1986 3288 2048 κακίας
3328 1987 3419 2039 καὶ
3451 1988 3671 2054 ἀγνοίας
3711 1990 3790 2052 είς
3836 1990 4034 2061 ἀρετὴν

2477 2073 2568 2125 καὶ
2617 2074 2816 2141 γνῶσιν
2865 2075 2962 2144 τῆς
3012 2076 3263 2146 ἀληθείας
3311 2077 3690 2142 διαϐαίνοντος.
3757 2080 4034 2151 Εὐθυντὴρ

2475 2162 2706 2244 γὰρκαὶ
2758 2162 2976 2234 ἡγεμὼν
3007 2164 3116 2216 τῶν
3155 2165 3404 2220 τοιούτων
3444 2166 3792 2238 διαδημάτων
3814 2170 3842 2221 ὁ
3878 2170 4034 2241 ὀρθὸς

2474 2253 2647 2320 λόγοςο
3095 2321 3098 2324 ,

2544 2347 2851 2412 Λύτρωσαί
2883 2363 2959 2414 με
2994 2347 3108 2400 ἀπὸ
3135 2351 3540 2416 συκοφαντίας
3567 2355 3907 2420 (tramam
3934 2355 4033 2409 καὶ

2473 2439 2720 2507 φυλάξω
2748 2437 2854 2504 τὰς
2884 2438 3132 2503 ἐντολάς
3163 2455 3296 2493 σου.
3332 2441 3533 2494 Μισθδν
3567 2441 3660 2495 τοῦ
3698 2443 3849 2497 ἐλέου
3885 2444 4035 2500 λελυ-

2472 2529 2711 2600 τρῶσθαι
2773 2529 2881 2583 ἀπὸ
2932 2531 3292 2598 συκοφαντίας
3343 2531 3642 2602 ἀνθρώπων
3697 2535 4032 2605 ὑπισχνεῖται

2472 2617 2662 2672 δώσειν
2701 2616 2796 2688 τὴν
2830 2618 2938 2670 τῶν
2982 2618 3210 2670 ἐντολῶν
3261 2620 3462 2690 Κυρίου
3502 2621 3748 2693 φυλακήν
3774 2641 3786 2653 ·
3823 2624 3856 2694 ἢ
3913 2626 4032 2679 οὐδὲ

2477 2707 2685 2776 μισθὸν,
2704 2708 2816 2761 ἀλλ’
2842 2709 3189 2778 εὐχαριστίαν
3231 2711 3310 2773 εὶς
3341 2711 3399 2762 τὸ
3431 2711 3766 2783 λυτρωθῆναί
3786 2702 3878 2785 ’με
3922 2717 4035 2769 ἀπὸ

2475 2800 2833 2865 συκοφαντίας
2874 2798 3192 2870 ἀνθρώπων.
3244 2799 3352 2852 Καὶ
3377 2803 3733 2872 τετυχήκασιν
3759 2803 4033 2877 αἰσθητῶς

2470 2889 2568 2959 τῆς
2597 2890 2861 2958 αἰτήσεως
2904 2890 3094 2961 Ἰωσὴφ
3138 2886 3546 2946 καΥΣουσάννα.
3591 2894 3830 2965 Ῥηθεῖεν
3856 2896 3912 2950 δὲ
3941 2898 4034 2950 ἄν·

2473 2978 2674 3050 Ορωποι
2703 2979 2973 3050 τροπικῶς
3017 2983 3044 3032 ὁ
3071 2980 3315 3044 διάϐολος
3365 2983 3457 3036 καὶ
3501 2985 3558 3036 αἱ
3599 2985 3718 3039 κατ’
3752 2988 3909 3040 αὐτὸν
3937 3006 4033 3041 πο-

2470 3071 2631 3138 νηραὶ
2673 3069 2946 3140 δυνάμεις,
2981 3071 3070 3140 ἀφ’
3100 3063 3174 3125 ὧν
3197 3073 3294 3142 τῆς
3336 3074 3694 3142 συκοφαντίας
3733 3079 3892 3147 μόνου
3937 3081 4033 3132 τοῦ

2469 3159 2603 3213 θεοῦ
2633 3158 2972 3230 λυτροῦσθαι.

888 3277 1052 3331 Vens.
1085 3276 1205 3335 155,
1237 3275 1355 3329 156.
1391 3271 1608 3327 Faciem
1629 3284 1774 3326 tuam
1804 3272 2045 3326 illumina
2077 3288 2233 3341 super
2262 3289 2369 3327 ser—
2396 3243 2437 3298 C
2546 3256 2593 3307 Τί

2329 3289 2369 3320 π,
2396 3243 2437 3298 C
2546 3254 2615 3307 Τὸ
2664 3255 2985 3321 πρόσωπόν
3032 3270 3147 3310 σου
3197 3258 3492 3328 ἑπίφανον
3521 3260 3618 3313 ἐπὶ
3661 3262 3767 3315 τὸν
3809 3263 4034 3318 [iniudi-

794 3384 933 3444 pum
979 3377 1143 3430 tuum,
1177 3378 1224 3421 et
1265 3372 1389 3421 doce
1419 3383 1496 3420 me
1530 3365 1938 3434 justiﬁcationes
1984 3373 2122 3417 tuas.
2160 3346 2368 3419 Secun-

817 3464 944 3517 dum
998 3462 1297 3517 Salvatoris
1351 3462 1616 3515 illustrem
1670 3459 1962 3514 adventum
2012 3456 2195 3510 videre
2252 3472 2372 3526 per-

816 3563 1031 3625 optans,
1091 3571 1188 3626 pro
1245 3568 1310 3608 eo
1353 3552 1499 3605 Patri
1552 3551 1821 3622 supplicat
1857 3551 2044 3606 dicens
2088 3569 2101 3604 :
2154 3548 2371 3604 Faciem

819 3659 980 3711 tuam,
1017 3645 1261 3708 Domine,
1291 3644 1534 3697 illumina
1572 3657 1590 3694 :
1623 3657 1785 3712 quam
1839 3645 1932 3711 qui
1967 3642 2118 3704 vidit,
2147 3642 2281 3696 vidit
2318 3651 2372 3695 et

817 3738 1051 3793 Patrem.
1100 3736 1232 3790 Natu
1286 3737 1403 3805 ipse
1449 3735 1515 3788 de
1566 3735 1748 3804 seipso
1804 3735 1880 3787 ait
1915 3749 1927 3784 :
1958 3733 2061 3799 Qui
2103 3734 2232 3786 vidit
2269 3750 2369 3796 me,

818 3829 946 3884 uidit
1005 3838 1055 3882 et
1112 3827 1413 3882 Patrem".
1467 3824 1655 3879 Exitus
1724 3843 1981 3895 aquarum
2044 3825 2370 3880 deduxerunt

815 3920 953 3974 oculi
994 3919 1112 3981 mei,
1136 3918 1259 3988 quia
1288 3933 1389 3971 non
1412 3916 1770 3971 custodierunt
1803 3918 1961 3988 legem
2002 3926 2168 3971 tuam.

882 4010 1044 4066 Vens.
1077 4007 1334 4064 157-145.
1380 4006 1568 4063 Justus
1609 4025 1684 4071 es,
1739 4008 1980 4074 Domine,
2013 4019 2060 4063 et
2110 4019 2251 4062 recta
2283 4009 2370 4078 ju-

814 4102 956 4156 dicia
982 4111 1093 4155 tua.
1132 4098 1700 4168 Mandasti~justitiam
1731 4101 2025 4154 testimonia
2067 4110 2185 4163 tua,
2211 4111 2259 4154 et
2289 4117 2370 4152 ve-

815 4191 1024 4244 ritatem
1050 4197 1193 4242 tuam
1244 4187 1412 4244 ualde.
1469 4188 1751 4243 Tabescere
1786 4204 1863 4241 me
1900 4188 2015 4256 fecit
2045 4189 2187 4242 zelus
2223 4199 2366 4254 tuus,

812 4280 938 4350 quia
961 4278 1112 4333 obliti
1145 4288 1264 4333 sunt
1300 4279 1452 4333 verba
1488 4287 1579 4331 tua
1607 4278 1803 4331 inimici
1829 4279 1946 4331 mei.
1988 4275 2217 4346 Ignitum
2256 4279 2367 4333 elo-

809 4372 989 4439 quium
1016 4379 1161 4422 tuum
1196 4370 1536 4432 vehementer,
1567 4378 1616 4423 et
1636 4384 1813 4422 servus
1848 4378 1970 4421 tuus
1997 4368 2182 4423 dilexit
2211 4369 2364 4425 illud.

810 4461 1242 4518 Adolescentulus
1266 4478 1383 4517 sum
1412 4479 1503 4533 ego
1529 4475 1577 4515 et
1602 4471 1943 4527 contemptus,
1958 4459 2366 4529 iustiﬁcationes

813 4560 932 4606 tuas
951 4569 1054 4606 non
1083 4557 1199 4606 sum
1238 4553 1451 4607 oblitus.
1485 4551 1709 4606 Justitia
1749 4559 1842 4604 tua
1871 4550 2089 4618 justitia
2126 4552 2182 4605 in
2214 4561 2370 4606 mter-
2401 4581 2443 4634 ο

813 4658 960 4705 itum.
989 4651 1038 4697 et
1076 4642 1159 4698 lex
1190 4653 1281 4699 tua
1313 4645 1522 4699 veritas.
1555 4641 1944 4697 Tribulationes
1987 4652 2040 4695 et
2082 4644 2367 4696 necessita-

815 4745 889 4790 tes
938 4726 1240 4792 invenerunt
1291 4754 1372 4793 me
1402 4736 1698 4791 :mandata
1746 4745 1839 4788 tua
1898 4735 2172 4789 meditatio
2232 4751 2368 4788 mea.

815 4827 1172 4899 Symmachus
1195 4831 1355 4885 aliam
1374 4829 1529 4886 eﬂert
1561 4829 1883 4884 sententiam
1908 4827 2096 4883 dicens
2131 4846 2145 4883 :
2181 4827 2374 4882 Tribu-

813 4926 1032 4981 lationos
1069 4935 1120 4982 et
1165 4928 1463 4998 aﬂlietiones
1511 4928 2007 4996 comprehenderunt
2051 4942 2179 4983 me:
2221 4944 2373 4982 man—

815 5017 941 5071 data
964 5033 1080 5073 vero
1104 5017 1429 5072 delectabant
1460 5034 1540 5071 me
1573 5033 1591 5070 :
1618 5032 1682 5072 ac
1736 5019 1779 5074 si
1821 5021 1998 5076 omnis
2041 5019 2135 5075 Dei
2194 4998 2374 5076 cultor

813 5107 1047 5178 graviter
1077 5113 1132 5162 et
1153 5115 1294 5177 aegre
1333 5105 1471 5161 ferat
1499 5105 1661 5176 hujus
1694 5109 1812 5163 vita:
1843 5111 2079 5180 negotia,
2111 5117 2274 5181 atque
2305 5126 2369 5165 ex

814 5200 1092 5255 hominum
1117 5197 1324 5254 malitia
1359 5205 1604 5261 vexetur,
1638 5199 1923 5271 solamque
1949 5201 2143 5257 habeat
2168 5217 2372 5257 conso-

815 5293 1090 5354 lationem,
1121 5291 1511 5348 recreationem
1554 5299 1608 5345 et
1652 5291 2063 5350 delectationem
2098 5296 2154 5349 in
2200 5309 2356 5350 man-

814 5383 1062 5436 datorum
1091 5382 1181 5437 Dei
1212 5379 1578 5437 meditatione.
1719 5369 1722 5372 ’

887 5515 1048 5570 Vens.
1081 5507 1198 5571 144.
1257 5515 1480 5571 Iustitia
1512 5515 1807 5569 testimonia
1849 5524 1938 5569 tua
1965 5515 2044 5569 ‘in
2089 5525 2368 5574 azternum.

817 5607 1129 5660 intellectum
1155 5606 1224 5659 da
1246 5607 1394 5670 mihi,
1442 5615 1491 5658 et
1525 5603 1710 5660 vivam.
1750 5601 1872 5658 [iam
1912 5604 2149 5674 justitia,
2202 5618 2367 5674 quam

886 5742 930 5772 "
965 5742 1121 5798 Joan.
1161 5759 1270 5808 xw,
1304 5743 1363 5800 9.

849 5851 863 5881 ι
895 5842 913 5866 ’
942 5841 1201 5908 luterpres
1238 5845 1361 5916 legit
1391 5844 1699 5899 κατεύθυνε.
1742 5845 1896 5900 Eon.
1940 5849 2179 5900 PA'mOL.

2472 3359 2607 3406 σου,
2634 3345 2730 3398 καὶ
2750 3346 2996 3411 δίδαξόν
3021 3365 3098 3418 με
3125 3349 3198 3403 τὰ
3224 3348 3580 3420 δικαιώματά
3606 3367 3742 3406 σου.
3782 3354 3890 3424 Τὴν
3920 3355 4032 3408 δευ-

2470 3436 2631 3505 τέραν
2664 3436 2755 3489 τοῦ
2784 3439 3030 3510 Σωτῆρος
3061 3440 3355 3513 ὲπίλαμψιν
3382 3443 3508 3497 ἰδεῖν
3542 3445 3720 3500 ποθῶν
3739 3445 3877 3512 ἀξιοῖ
3908 3449 4058 3518 περί

2472 3527 2659 3597 αὐτῆς,
2686 3527 2763 3597 τῷ
2781 3529 2954 3599 Ila-:91
2982 3531 3224 3599 φάσκων,
3243 3533 3313 3587 Τὸ
3334 3536 3656 3603 πρόσωπόν
3679 3553 3817 3601 σου,
3836 3538 4030 3609 Κύριε,

2471 3617 2764 3685 ἐπίμεινον
2789 3635 2802 3647 ·
2834 3619 2968 3689 ὅπερ
3010 3619 3130 3673 ἰδών
3168 3639 3250 3685 τις
3279 3622 3486 3693 ἑώρακε
3533 3627 3742 3680 καὶτὸν
3787 3628 4027 3699 Πατέρα.

2470 3707 2639 3770 Αὐτὸς
2685 3707 2790 3778 γὰρ
2826 3710 2952 3780 περὶ
2978 3709 3164 3763 ἑαυτοῦ
3193 3711 3367 3780 λέγει’
3398 3714 3450 3766 Ὁ
3482 3715 3747 3782 ἑωρακὼς
3775 3717 3899 3785 ἐμὲ,
3928 3718 4031 3770 ἐώ-

2518 3814 2610 3864 ·υιε
2639 3797 2743 3850 τὸν
2765 3802 3011 3867 Πατέρα.
3040 3801 3348 3869 Διεξόδους
3368 3804 3599 3858 ὑδάτων
3614 3807 3953 3862 κατέδυσαν
3978 3812 4032 3862 οἱ

2472 3891 2763 3958 ὀφθαλμοί
2778 3908 2917 3958 μου,
2942 3891 3074 3944 ἐπεὶ
3088 3895 3198 3946 οὐκ
3215 3894 3527 3962 ἐφύλαξαν
3542 3897 3647 3950 τὸν
3662 3901 3848 3966 νόμον
3889 3917 4027 3954 σου.

2539 3979 2772 4045 Δίκαιος
2807 3975 2879 4044 εἴ,
2914 3983 3109 4049 Κύριε,
3145 3981 3242 4036 καὶ
3287 3983 3479 4048 εὐθείς
3521 3987 3580 4036 αἱ
3615 3988 3843 4052 κρίσεις
3889 4005 4027 4042 σου.

2483 4070 2789 4124 Ἑνετείλω
2833 4070 3228 4140 δικαιοσύνην
3272 4073 3342 4127 τὰ
3384 4075 3677 4143 μαρτύριά
3728 4093 3877 4144 σου,
3931 4080 4031 4133 καὶ

2467 4161 2755 4229 ἀλήθειαν
2797 4163 3048 4230 σφόδρα.
3095 4162 3363 4231 Ἐξέτηξέ
3486 4168 3519 4218 ὁ
3547 4163 3724 4232 ζῆλός
3763 4183 3899 4233 σου,
3941 4171 4030 4224 ὅτι

2467 4252 2829 4307 ἐπελάθοντο
2862 4252 2979 4306 τῶν
3004 4256 3200 4323 λέγων
3222 4272 3337 4308 σου
3366 4259 3418 4309 οἱ
3445 4257 3645 4326 ἐχθροί
3669 4277 3807 4329 μου.
3843 4264 4032 4316 [leav-

2460 4343 2731 4413 ρωμένον
2772 4346 2836 4398 τὸ
2880 4347 3089 4415 λόγιόν
3130 4363 3246 4401 σου
3288 4349 3540 4418 σφόδρα,
3586 4353 3682 4405 καὶ
3730 4355 3762 4407 ὀ
3811 4352 4031 4421 δοῦλός

2468 4451 2585 4490 σου
2620 4435 2934 4504 ἠγάπησεν
2954 4441 3119 4493 αὑτό.
3146 4440 3436 4508 Νεώτερος
3461 4441 3574 4510 ἐγώ
3597 4447 3711 4512 εἰμι
3743 4445 3838 4498 καὶ
3867 4445 4032 4510 ἐξου-

2469 4526 2815 4597 δενωμένος,
2831 4531 3274 4601 τὰδικαιώματά
3289 4549 3404 4588 σου
3418 4536 3526 4587 οὐκ
3542 4535 3933 4604 ἐπελαθόμην.
3964 4539 4030 4591 Ἦ

2471 4617 2823 4689 δικαιοσύνη
2857 4638 2973 4676 σου
3009 4624 3360 4691 δικαιοσύνη
3395 4628 3480 4690 εὶς
3509 4625 3616 4678 τὸν
3643 4624 3843 4689 αἰῶνα,
3870 4627 3966 4680 καὶ
3999 4630 4030 4681 ό

2470 4711 2652 4780 νόμος
2670 4726 2784 4765 σου
2800 4713 3064 4778 ἀλήθεια.
3085 4715 3328 4782 Θλίψεις
3359 4715 3457 4768 καὶ
3497 4715 3747 4784 ἀνάγκαι
3769 4716 4032 4782 εῦροσὰν

2467 4817 2543 4866 με
2558 4819 2572 4838 ο
2593 4805 2652 4855 al
2665 4803 2905 4856 ἐντολαί
2922 4819 3036 4857 σου
3051 4803 3267 4872 μελέτη
3278 4821 3395 4873 μου
3419 4843 3432 4858 .
3450 4806 3505 4858 ’0
3526 4805 3813 4875 Σύμμαχος
3839 4807 4029 4876 ἑτέραν

2472 4892 2778 4964 παρέστησε
2821 4893 3057 4962 διάνοιαν
3110 4893 3306 4957 εἰπὼν,
3346 4894 3588 4962 Θλίψεις
3628 4895 3725 4949 καὶ
3773 4896 4027 4966 ὲγκακή-

2471 4997 2602 5048 σεις
2630 4982 2958 5038 κατέλαϐόν
2978 5001 3054 5052 με
3073 5000 3086 5015 ’
3112 4986 3172 5038 αι
3193 4984 3260 5037 δὲ
3285 4985 3518 5038 ἐντολαὶ
3550 4985 3801 5053 ἕτερπόν
3828 5005 3898 5055 με
3917 5005 3930 5016 ·
3954 4987 4030 5051 ὡς

2473 5070 2671 5134 παντὸς
2707 5071 2985 5136 Θεοσεϐοὗς
3033 5059 3366 5144 βαρουμένου
3409 5075 3506 5144 μὲν
3535 5076 3627 5130 καὶ
3657 5076 4028 5146 δυσχεραίνον-

2470 5163 2682 5224 τοςὲπὶ
2712 5166 2822 5225 τοῖς
2851 5162 2940 5216 τοῦ
2989 5162 3101 5233 βίου
3150 5166 3483 5236 πράγμασιν,
3526 5167 3928 5231 άποκακοῦντός
3967 5186 4027 5222 τε

2472 5254 2535 5306 ὲκ
2559 5253 2659 5323 τῆς
2686 5255 2792 5306 τῶν
2817 5254 3112 5321 ἀνθρώπων
3139 5259 3352 5321 κακίας,
3397 5258 3562 5330 μόνην
3593 5260 3648 5313 δὲ
3681 5260 3890 5328 ἔχοντος
3922 5258 4026 5313 πα-

2474 5344 2742 5414 ραμυθίαν
2766 5348 2858 5398 καὶ
2881 5347 3177 5420 ἀνάκτησιν
3205 5351 3294 5402 καὶ
3321 5350 3509 5421 τέρψιν
3534 5349 3629 5421 τὴν
3659 5349 3889 5419 μελέτην
3917 5351 4028 5402 τῶν

2472 5434 2698 5489 ἐντολῶν
2725 5437 2817 5490 τοῦ
2860 5439 3015 5493 Θεοῦ.
3506 5420 3513 5460 ³

2541 5529 2891 5598 Δικαιοσύνη
2945 5530 3016 5584 τὰ
3059 5530 3349 5601 μαρτύριά
3398 5546 3512 5585 σου
3559 5532 3646 5594 εἰς
3693 5530 3797 5582 τὸν
3821 5530 4024 5594 αἰῶνα,

2471 5617 2794 5674 συνέτισόν
2812 5639 2909 5692 με,
2940 5623 3037 5676 καὶ
3064 5622 3330 5693 ζήσομαι.
3361 5621 3507 5691 Αὕτη
3539 5621 3571 5691 ή
3597 5620 3926 5695 δικαιοσύνη,
3959 5626 4028 5695 ἢν

3629 5827 3639 5870 l
