4318 6402
314 528 451 581 138:5

1428 520 1924 577 COMMENTARlA
1965 518 2031 573 IN
2068 516 2394 573 PSALMOS.

3382 519 3403 572 i
3418 518 3522 574 590

310 635 583 706 ἀσκοῦμεν
623 635 713 688 ἐπὶ
758 634 850 687 τοῦ
883 636 1163 705 παρόντος,
1199 636 1295 689 οὐκ
1332 637 1634 689 ἀποδίδοται
1662 640 1789 708 ἡμῖν
1816 637 1872 690 ὲν
1901 642 1945 698 Α
1975 638 2015 692 ir

1816 637 1872 690 ὲν
1901 642 1945 698 Α
1975 638 2027 692 in
2069 636 2319 707 praesenti
2356 648 2693 697 exercemus,
2730 648 2837 687 non
2889 632 3049 687 datur
3079 631 3236 686 nobis
3278 631 3342 685 ad
3388 646 3521 701 pan-

307 726 512 795 δλίγαις
552 724 801 796 ἡμέραις,
833 724 943 777 ἀλλ’
967 727 1045 786 εἰς
1070 725 1159 777 τὸν
1186 725 1373 777 αἰῶνα.
1393 725 1479 776 Ἐν
1519 724 1724 786 τούτοις
1759 725 1863 777 πᾶ-

309 833 393 869 σιν
426 817 563 869 αἰτεῖ
580 818 609 869 ὁ
629 816 915 886 Προφήτης
945 814 1052 867 ἀπὸ
1074 813 1167 868 τοῦ
1196 813 1329 867 Θεοῦ
1359 814 1593 874 σύνεσιν,
1619 816 1679 868 τὸ
1702 817 1865 883 ἀναγ-

309 906 589 960 καιότατον
610 906 717 958 τῶν
744 906 836 958 τοῦ
860 903 989 956 Θεοῦ
1018 904 1369 976 δωρημάτων,
1397 904 1489 957 καὶ
1507 904 1651 972 λέγει
1669 922 1682 933 ·
1712 908 1861 958 Συν-

304 996 510 1050 έτισόν
526 1013 622 1065 με,
646 996 744 1049 Ira
768 993 920 1060 ζήσω
939 1012 952 1026 ·
985 997 1069 1047 ἐπ’
1099 994 1309 1063 ἐκείνην
1329 994 1436 1064 γὰρ
1460 994 1558 1063 τὴν
1591 994 1863 1064 μακαρίαν

306 1084 451 1156 ζωὴν
479 1086 701 1157 ἀνόητος
728 1087 825 1139 οὐκ
856 1086 1069 1157 ἔρχεται
1098 1086 1130 1156 ἢ
1164 1085 1433 1147 ἀσύνετος,
1461 1084 1595 1137 ἀλλὰ
1616 1084 1694 1137 δεῖ
1714 1086 1862 1155 αίτῆ-

305 1194 398 1231 σαι
431 1177 579 1248 παρὰ
607 1176 700 1230 τοῦ
723 1177 856 1230 Θεοῦ
883 1176 1113 1237 σύνεσιν,
1135 1176 1227 1228 τοῦ
1256 1176 1482 1238 διδόντος
1512 1177 1645 1228 πᾶσι
1667 1178 1777 1239 τοῖς
1803 1176 1860 1243 ἐξ

303 1268 431 1339 ὅλης
454 1268 629 1337 ψυχῆς
650 1266 886 1321 αἰτοῦσιν
912 1266 1093 1329 αὐτὸν,
1118 1266 1203 1319 ἴνα
1233 1266 1486 1328 λαϐόντες
1519 1266 1752 1330 σύνεσιν,
1771 1266 1861 1320 δυ-

305 1359 556 1430 νηθῶμεν
593 1360 791 1411 εἰπεῖν·
830 1357 1155 1412 Συνέτισόν
1189 1374 1285 1425 με,
1319 1356 1419 1410 καὶ
1452 1355 1718 1425 ζήσομαι.

386 1444 705 1513 Ἐκέκραεα
734 1446 801 1500 ἐν
822 1446 931 1514 ὅλῃ
955 1444 1165 1513 καρδίᾳ
1185 1461 1323 1513 μου,
1349 1443 1695 1498 ἐπάκουσόν
1716 1459 1859 1511 μου,

304 1538 499 1604 Κύριε,
536 1537 608 1589 τὰ
647 1534 1000 1605 δικαιώματα
1048 1550 1163 1589 σου
1210 1531 1862 1601 ἐκζητήσω.Ἐκέκραξά

303 1643 423 1706 σοι,
468 1625 673 1680 σῶσόν
708 1643 798 1693 με,
841 1626 940 1680 και
990 1624 1236 1695 φυλάξω
1286 1625 1359 1679 τὰ
1394 1622 1683 1693 μαρτύριά
1721 1639 1857 1677 σου.

302 1718 657 1786 Προέφθασα
676 1719 859 1785 dupla
893 1718 989 1771 καὶ
1015 1715 1326 1783 ἐκέκραξα,
1353 1717 1439 1780 εἰς
1473 1713 1612 1779 τοὺς
1641 1714 1860 1783 λόγους

301 1794 418 1863 σου
442 1810 765 1877 ἐπήλπισα.
786 1809 1170 1877 Προέφθασαν
1191 1812 1243 1862 ol
1266 1796 1556 1876 ὀφθαλμοί
1577 1789 1694 1877 μού
1716 1806 1863 1874 πρὸς

1971 745 2065 784 cos
2097 730 2234 792 dies,
2260 726 2353 782 sed
2376 727 2430 780 in
2457 733 2740 779 aeternum.
2766 723 2824 778 ιιι
2842 724 2932 778 his
2966 723 3219 777 omnibus
3253 722 3521 792 Propheta

1971 819 2309 891 prudentiam
2343 830 2373 869 a
2420 814 2527 869 Deo
2560 816 2785 885 expetit,
2834 815 2976 885 quod
3016 822 3101 869 est
3132 815 3373 886 omnium
3427 812 3520 869 Dei

1969 910 2233 963 donorum
2258 906 2490 960 maxime
2540 906 2947 972 necessarium;
3010 920 3073 959 ac
3111 902 3521 959 dicitzlntelle-

1966 1006 2107 1051 ctum
2140 997 2215 1050 da
2244 995 2393 1058 mihi,
2417 1002 2474 1047 ut
2500 995 2685 1048 vivam.
2708 994 2769 1049 ln
2798 994 2945 1048 illam
2974 995 3171 1065 quippe
3186 996 3394 1050 beatam
3432 994 3518 1047 vi-

1965 1096 2076 1142 tam
2111 1102 2300 1142 amens
2326 1092 2381 1155 et
2414 1085 2681 1155 insipiens
2710 1099 2816 1139 non
2852 1085 3189 1156 ingreditur;
3234 1084 3328 1140 sed
3356 1084 3519 1139 intel-

1965 1180 2162 1233 lectum
2195 1192 2225 1231 a
2259 1171 2385 1231 'Deo
2417 1184 2663 1246 petamus
2711 1184 2946 1246 oportet.
2995 1176 3089 1245 qui
3140 1176 3232 1230 dat
3266 1174 3518 1231 omnibus

1966 1274 2082 1322 toto
2112 1266 2277 1322 corde
2304 1266 2371 1345 ab
2411 1280 2471 1321 se
2506 1263 2814 1335 petentibus
2843 1280 2856 1316 :
2889 1270 2949 1317 ut
2978 1273 3200 1336 ccepto
3243 1264 3517 1320 intellectu

1962 1359 2143 1413 dicere
2166 1358 2443 1412 valeamus
2469 1374 2483 1409 :
2514 1354 2843 1411 Intellectum
2866 1354 2937 1408 da
2968 1354 3117 1419 mihi,
3147 1346 3198 1409 et
3222 1356 3409 1410 vitam.

2035 1446 2202 1501 Vens.
2225 1444 2481 1500 “5-148.
2518 1442 2759 1499 Clamavi
2784 1444 2838 1497 in
2859 1452 2967 1498 toto
2984 1442 3140 1497 corde
3163 1460 3296 1509 meo,
3325 1442 3533 1497 exaudit

1963 1555 2063 1601 me,
2100 1536 2335 1599 Domine,
2358 1534 2772 1605 justiﬁcationes
2814 1544 2931 1588 tuas
2962 1534 3239 1604 requiram.
3281 1533 3517 1589 Clamavi

1963 1626 2031 1681 ad
2063 1635 2130 1690 te,
2171 1625 2374 1681 salvum
2409 1640 2490 1678 me
2524 1623 2632 1692 fac,
2660 1632 2708 1678 et
2740 1623 3035 1679 custodiam
3079 1624 3375 1678 testimonia
3404 1634 3514 1677 tua.

1964 1713 2205 1790 Prcepeni
2233 1714 2287 1766 in
2316 1712 2617 1780 crepusculo
2648 1721 2696 1766 et
2739 1713 2984 1777 clamavi,
3034 1714 3089 1767 in
3119 1712 3271 1767 verba
3304 1722 3396 1774 tua
3422 1728 3514 1767 su-

1964 1805 2279 1874 persperavi.
2308 1803 2676 1858 Prtevenerunt
2706 1803 2847 1858 oculi
2870 1804 2971 1857 mei
2993 1802 3224 1858 diluculo
3263 1803 3331 1858 ad
3353 1803 3518 1858 medi-

301 1901 534 1969 ὄρθρον,
558 1901 664 1955 τοῦ
681 1898 939 1970 μελετᾶν
962 1900 1032 1953 τὰ
1057 1899 1229 1969 λόγιά
1242 1916 1377 1953 σου.
1393 1900 1450 1951 Ὀ
1469 1901 1525 1951 ὲν
1541 1897 1713 1969 ἁωρίᾳ
1729 1913 1861 1968 προ-
1897 1963 1928 1970 _
1973 1904 2006 1948 ιι

1811 1914 1861 1950 ο-
1897 1963 1928 1970 _
1973 1899 2188 1948 tandum
2217 1894 2425 1965 eloquia
2448 1903 2559 1948 tua.
2605 1892 2710 1960 Qui
2741 1893 2795 1947 in
2826 1894 3149 1964 crepusculo
3175 1894 3430 1964 pmvenit
3462 1901 3516 1949 et

300 1963 480 2045 λαϐὼν
512 1963 604 2045 καὶ
639 1963 728 2045 τδν
755 1963 885 2043 Θεὸν
911 1963 1333 2061 ἐπικαλοῦμενος
1359 1963 1730 2060 ἐλευθεροῦται
1753 1963 1859 2041 τῶν
1897 1963 1934 2018 Β
1968 1984 2005 2038 D

1811 1987 1859 2041 ὃν
1897 1963 1934 2018 Β
1968 1984 2135 2042 Deum
2184 1963 2419 2047 invocat,
2473 1998 2504 2037 a
2548 1983 2831 2039 nocturnis
2884 1963 3097 2039 insidiis
3132 1963 3414 2047 liberatur,
3461 1992 3516 2038 et

302 2084 624 2153 νυκτερινῶν
653 2082 970 2145 ὲπισουλῶν,
1001 2084 1093 2134 καὶ
1121 2085 1177 2135 ὲν
1198 2082 1275 2151 τῷ
1303 2081 1484 2152 ὄρθρῳ
1503 2080 1689 2144 αὑτοῦ,
1710 2072 1862 2133 τουτ-

302 2171 447 2224 έστιν
472 2172 530 2223 ὲν
562 2174 626 2241 τῇ
663 2170 889 2243 ἀνατολῇ
930 2169 1023 2223 τοῦ
1061 2169 1233 2237 φωτὸς
1272 2168 1663 2239 προφθάνοντος
1702 2166 1861 2236 δηλα-

299 2261 385 2331 δὴ,
412 2262 537 2324 τοὺς
586 2261 891 2330 ὀφθαλμοὺς
940 2257 1395 2329 προαπανιῖωτας
1434 2257 1716 2327 κέκτηται,
1766 2254 1861 2307 καὶ

304 2352 501 2424 μελετᾷ
529 2351 623 2405 τοῦ
651 2350 785 2404 Θεοῦ
815 2351 911 2402 σὺν
940 2349 1217 2421 παρρησίᾳ.
1240 2347 1309 2429 td
1327 2349 1497 2417 λόγια.
1516 2346 1727 2416 Ἐκείνη
1754 2344 1861 2416 γὰρ

1963 2075 2221 2138 diluculo,
2266 2074 2317 2128 id
2343 2082 2427 2129 est
2456 2080 2578 2127 ortu
2607 2073 2768 2137 lucis,
2825 2073 2939 2142 1am
2974 2072 3285 2138 accedente,
3326 2073 3547 2149 oculos,

1965 2164 2014 2217 ei
2043 2169 2395 2218 occurrentes
2433 2161 2615 2228 habet,
2660 2176 2727 2216 ac
2761 2176 2885 2216 cum
2934 2160 3129 2217 ﬁducia
3172 2160 3267 2219 Dei
3303 2160 3515 2240 eloquia

1966 2251 2276 2306 meditatur.
2312 2248 2408 2305 Illa
2439 2264 2676 2320 namque
2710 2250 2892 2306 anima
2922 2250 3263 2319 potissimum
3304 2252 3359 2305 in
3400 2250 3517 2320 lege

1970 2340 2185 2419 gaudet,
2218 2356 2339 2412 quae
2371 2341 2474 2397 sibi
2508 2340 2873 2413 exsecutionis
2904 2341 3023 2412 ejus
3053 2342 3274 2397 conscia
3301 2348 3406 2398 est.

301 2420 534 2512 μάλιστα
576 2442 653 2512 τῷ
684 2442 830 2513 νόμῳ
869 2420 1246 2512 χαίρεινψυχὴ,
1275 2420 1395 2509 ἥτις
1442 2438 1577 2507 αὐτὴ
1625 2437 1859 2491 σύνοιδεν
1889 2420 2055 2501 ἑαυτῇ
2085 2430 2181 2502 τὴν
2216 2430 2571 2501 κατόρθωσιν.

374 2540 487 2619 τεῆς
523 2549 726 2619 φωνῆς
739 2568 857 2619 μου
879 2549 1163 2610 ἄκουσον,
1186 2550 1378 2616 Κύριε,
1412 2548 1560 2602 κατὰ
1587 2547 1656 2601 τὸ
1687 2547 1859 2612 ἔλεός

298 2658 436 2708 σου,
460 2641 608 2695 κατὰ
624 2640 702 2693 ’τὸ
722 2640 896 2709 κρῖμα
913 2655 1028 2694 σου
1049 2638 1230 2705 ζῆσόν
1243 2656 1338 2708 με.
1364 2638 1783 2709 Προσήγτισαν
1803 2641 1858 2692 ol

300 2729 758 2797 καταδιώκοντές
779 2748 856 2799 με
892 2732 1133 2799 ἀνομίᾳ·
1166 2730 1283 2785 ἀπὸ
1308 2729 1375 2783 δὲ
1406 2730 1511 2783 τοῦ
1531 2730 1717 2798 νόμου
1743 2743 1858 2783 σου

297 2820 774 2889 ἐμακρύνθησαν.
793 2817 1073 2891 Ἑγγὺςνεῑ
1096 2820 1198 2884 σὺ,
1236 2822 1430 2887 Κύριε,
1457 2819 1552 2873 καί
1582 2816 1768 2874 πᾶσαι
1797 2821 1857 2872 al

298 2911 428 2965 ὁδοί
457 2927 572 2966 σου
602 2911 867 2977 ἀλήθεια.
906 2911 1214 2980 Καταρχὰς
1240 2912 1429 2980 ἔγνων
1457 2912 1526 2964 ἐκ
1556 2910 1673 2963 τῶν
1706 2927 1851 2978 pap-

298 3004 513 3071 τυρίων
541 3018 677 3069 σου,
692 3002 782 3056 ὅτι
806 3004 891 3068 είς
920 3005 1026 3056 τὸν
1050 3002 1234 3056 αἰῶνα
1266 3001 1657 3071 ἐθεμελίωσας
1680 3000 1849 3055 αὐτά.

370 3194 482 3249 Ἴδε
522 3193 636 3262 τὴν
668 3193 1027 3248 ταπείνωσιν
1060 3210 1197 3261 μου,
1241 3191 1337 3244 καί
1362 3189 1574 3289 ἐείλου
1615 3205 1712 3292 eis,
1767 3187 1853 3292 dcc
1884 3237 1924 3292 Ο

299 3284 403 3339 τοῦ
429 3287 615 3355 νόμου
655 3300 770 3339 σου
794 3286 906 3338 οὐκ
935 3281 1331 3349 ἐπελαθόμην.
1357 3278 1573 3348 Κρῖνον
1600 3278 1711 3347 τὴν
1739 3278 1855 3344 κρι-

296 3392 400 3431 σιν
421 3395 539 3446 μου
578 3376 674 3431 καὶ
708 3376 1009 3444 λύτρωσαί
1042 3390 1133 3440 με,
1165 3372 1262 3427 διὰ
1283 3371 1388 3427 τὸν
1414 3372 1595 3441 λόγον
1624 3386 1739 3424 σου
1768 3367 1857 3437 ζῆ-

297 3469 413 3521 σόν
429 3484 525 3536 με.
560 3467 827 3539 Κριθῆναι
850 3466 985 3538 πρὸς
1013 3465 1138 3529 τοὺς
1164 3463 1388 3535 ἐχθροὺς
1409 3465 1550 3516 altri
1580 3462 1703 3525 τοὺς
1722 3464 1856 3531 ἀφα-

298 3559 403 3624 νῶς
432 3557 465 3629 ἢ
492 3558 745 3629 ὶμφανῶς
771 3556 1154 3629 πολεμοῦντας,
1176 3556 1270 3610 καὶ
1293 3552 1626 3626 λυτρωθῆναι
1644 3569 1659 3583 ο
1695 3552 1854 3622 μόνος

298 3653 403 3721 γάρ
433 3652 578 3701 ἔστιν
604 3650 632 3701 δ
662 3648 791 3710 Θεὸς
814 3648 843 3699 ὁ
872 3647 929 3713 ἐξ
960 3645 1230 3715 ἑκατέρων
1252 3642 1629 3715 λυτρούμενος,
1656 3642 1754 3695 καὶ
1790 3643 1853 3694 οὐ

296 3742 525 3797 θανάτου
575 3740 731 3809 μόνον
773 3738 916 3808 ἡμᾶς
959 3734 1332 3800 ἀπαλλάττων,
1355 3733 1414 3786 δν
1440 3731 1721 3787 ἀπειλοῦσι·
1760 3732 1853 3785 καὶ

295 3827 604 3901 ἐνεργοῦσιν
632 3826 974 3897 οί-δαίμονες,
1005 3824 1139 3878 ἀλλὰ
1182 3823 1274 3876 καὶ
1317 3822 1458 3896 ζωὴν
1486 3821 1738 3893 παρέχων
1766 3819 1855 3873 διὰ

296 3920 388 3973 τὸν
419 3918 576 3973 αὑτὸν
612 3918 788 3986 λόγον.
818 3917 1065 3984 Μακρὰν
1112 3914 1230 3969 ἀπὸ
1274 3911 1633 3982 ἁμαρτωλῶν
1664 3925 1853 3977 σωτη-

294 4015 412 4081 ρία,
448 4013 537 4066 ὅτι
568 4012 640 4066 td
681 4007 1037 4079 δικαιώματά
1075 4022 1190 4061 σου
1222 4006 1332 4059 οὐκ
1368 4001 1751 4069 ἐξεζήτησαν.
1788 4002 1850 4054 Ol

295 4101 578 4168 οικτιρμοί
603 4116 717 4154 σου
744 4098 979 4161 πολλοὶ,
1008 4098 1199 4167 Κύριε,
1230 4093 1378 4148 κατὰ
1420 4092 1485 4145 τὸ
1529 4091 1704 4161 κρῖμα
1735 4107 1850 4145 σου

294 4188 481 4257 ζ’ἦσόν
504 4188 792 4256 με.Ἕλεος
832 4185 1117 4256 ἀνθρώπου
1158 4185 1250 4237 ἐπὶ
1275 4184 1365 4237 τὸν
1392 4182 1614 4253 πλησίον
1642 4179 1805 4235 αὐτοῦ
1831 4197 1844 4211 ·

295 4278 443 4341 ἕλεος
478 4276 535 4330 δὲ
580 4278 781 4347 Κυρίου
816 4277 907 4328 ἐπὶ
953 4277 1128 4328 πᾶσαν
1154 4276 1353 4344 σάρκα,
1378 4272 1436 4336 ὃς
1482 4272 1575 4325 καὶ
1603 4271 1741 4326 πάνυ
1767 4270 1847 4324 δι⁹

295 4370 574 4431 καιότατος
616 4364 751 4421 εῖναι
790 4369 954 4421 δοκεῖ.
1000 4366 1285 4437 Συγκρίσει
1313 4350 1421 4434 γὰρ
1445 4361 1742 4433 ἀνθρώπων
1773 4361 1849 4425 ὡς

295 4461 432 4532 πρὸς
456 4461 554 4528 τὴν
585 4459 782 4537 ἀκριϐῆ
809 4458 986 4528 κρίσιν
1017 4456 1108 4509 τοῦ
1140 4455 1293 4518 Θεοῦ,
1324 4455 1471 4508 ἐλέου
1496 4453 1663 4507 δεῖται
1686 4452 1748 4505 τὸ
1773 4452 1847 4503 δί-

2034 2539 2201 2596 Vsus.
2233 2540 2485 2595 M9452.
2526 2539 2714 2594 Vocem
2763 2555 2934 2595 meum
2963 2538 3111 2603 audi,
3155 2538 3394 2604 Domine,
3435 2557 3514 2594 se-

1962 2630 2187 2684 cundum
2237 2628 2652 2683 misericordiam
2702 2638 2846 2683 tuam
2873 2669 2888 2694 ,
2941 2628 3221 2683 nandum
3251 2629 3514 2697 judicium

1960 2726 2105 2770 tuum
2131 2714 2333 2785 viviﬁca
2356 2732 2455 2770 me.
2483 2712 3036 2785 Appropinquaserunt
3056 2726 3411 2787 persequentes
3434 2736 3514 2774 me

1957 2806 2270 2875 iniquitati:
2305 2822 2337 2858 a
2375 2806 2482 2875 lege
2507 2814 2680 2860 autem
2708 2818 2799 2859 tua
2827 2804 2977 2875 longe
2992 2805 3120 2867 facti
3155 2815 3296 2860 sunt.
3345 2807 3512 2877 Prope
3540 2802 3544 2806 Δ

1957 2912 2010 2950 es
2042 2906 2118 2958 tu,
2176 2896 2425 2958 Domine.
2479 2906 2528 2951 et
2568 2912 2742 2951 omnes
2783 2899 2881 2951 rite
2931 2906 3033 2952 tua
3076 2898 3288 2952 veritas.
3348 2896 3511 2953 Initio

1958 2987 2174 3055 cognovi
2218 2986 2283 3040 de
2326 2987 2637 3041 testimoniis
2669 2987 2794 3051 tuis,
2837 2989 2961 3057 quia
2999 2988 3053 3042 in
3083 2996 3335 3042 cternum
3376 2988 3513 3058 [un-

1942 3074 2103 3129 dasti
2145 3092 2226 3130 ea.

2036 3183 2201 3241 Vens.
2229 3185 2484 3240 155-156.
2554 3186 2677 3241 Vide
2714 3187 3061 3241 humilitatem
3094 3204 3261 3243 meam
3296 3198 3344 3243 et
3375 3204 3510 3256 eripe

1963 3291 2063 3338 me,
2090 3276 2215 3344 quia
2243 3275 2399 3345 legem
2431 3286 2577 3335 tuam
2609 3293 2712 3331 non
2748 3294 2865 3331 sum
2893 3278 3108 3333 oblitus.
3141 3277 3335 3347 Judica
3359 3278 3509 3347 judi-

1956 3367 2095 3418 cium
2126 3382 2296 3419 meunt
2320 3376 2369 3421 et
2400 3368 2592 3421 redime
2620 3384 2718 3431 me,
2769 3379 2977 3437 propter
3012 3370 3220 3424 verbum
3254 3380 3398 3438 tuum
3435 3373 3508 3425 vi—

1956 3458 2110 3523 viﬁca
2155 3472 2253 3510 me.
2291 3455 2493 3511 Contra
2524 3457 2773 3512 inimicos
2814 3458 2899 3513 vel
2934 3458 3072 3513 clam
3121 3460 3202 3514 vel
3239 3460 3414 3531 palam
3449 3476 3509 3517 se

1954 3553 2331 3617 oppugnantes
2350 3545 2618 3615 judicium
2651 3545 2802 3609 ferri,
2833 3555 2888 3603 et
2916 3547 3132 3603 liberari
3163 3564 3221 3604 se
3246 3551 3503 3620 postulat.

1960 3636 2122 3691 Solus
2150 3652 2387 3707 namque
2418 3637 2559 3693 Deus
2580 3645 2685 3702 est,
2717 3639 2811 3709 qui
2856 3638 2926 3693 ab
2960 3640 3204 3709 utrisque
3250 3642 3505 3710 redimit;

1953 3737 2009 3783 et
2038 3744 2145 3783 non
2175 3744 2205 3783 a
2239 3737 2413 3783 morte
2444 3730 2619 3784 solum
2664 3745 2764 3786 nos
2796 3730 3007 3794 liberat,
3045 3748 3205 3801 quam
3234 3734 3506 3790 daamones

1954 3817 2230 3872 minantur
2265 3826 2320 3872 et
2372 3817 2631 3885 inferunt,
2680 3833 2866 3873 verum
2917 3819 3079 3873 etiam
3124 3821 3193 3874 ob
3259 3822 3501 3876 eamdem

1955 3906 2219 3961 rationem
2248 3906 2412 3960 vitam
2444 3906 2666 3975 praebet.
2693 3904 2865 3977 Longe
2890 3922 2922 3959 a
2950 3908 3308 3975 peccatoribus
3331 3912 3498 3973 salus,

1950 3999 2076 4067 quia
2112 3997 2518 4067 justiﬁcationcs
2565 4005 2682 4049 tuas
2730 4013 2833 4051 non
2872 3999 3245 4068 exquisierunt.
3299 3999 3505 4055 Miseri-'-
3571 4000 3577 4007 ’

1950 4087 2142 4153 cordia:
2194 4096 2301 4157 tute
2350 4088 2550 4150 multae,
2610 4085 2858 4153 Domine,
2917 4089 3200 4143 secundum
3240 4091 3501 4159 judicium

1952 4186 2097 4230 tuum
2144 4176 2349 4243 civi/ica
2384 4190 2487 4229 me.
2529 4173 2895 4230 Misericordia
2938 4177 3172 4233 hominis
3210 4179 3264 4232 in
3312 4179 3500 4248 proui~

1951 4281 2097 4320 mum
2130 4281 2289 4321 suum
2323 4272 2443 4331 est;
2485 4264 2861 4320 misericordia
2901 4281 3033 4321 vero
3060 4266 3153 4321 Dei
3202 4268 3257 4322 in
3285 4283 3499 4323 omnem

1950 4371 2192 4420 carnem,
2220 4356 2313 4424 qui
2335 4357 2499 4409 etiam
2521 4356 2677 4425 longe
2703 4356 3041 4425 justissimus
3061 4365 3164 4411 est.
3194 4356 3325 4415 Nam
3352 4373 3501 4411 com-

1953 4448 2234 4518 paratione
2265 4447 2543 4500 hominum
2589 4446 2729 4501 l‘acta
2766 4447 2834 4502 ad
2867 4454 3180 4501 accuratum
3225 4446 3315 4501 Dei
3352 4447 3499 4516 judi-

294 4522 463 4603 καιον.
658 4522 782 4619 ίγὰρ
808 4522 862 4599 ὅ*
888 4547 1033 4599 δοκεῖ
1063 4546 1335 4613 γεγονέναι
1364 4543 1481 4597 κατ’
1510 4542 1673 4606 ἔλεον,
1710 4541 1846 4611 ἐλέῳ
1878 4574 1920 4628 D
1953 4534 1999 4588 ci

1795 4559 1846 4611 ,ῳ
1878 4574 1920 4628 D
1953 4534 2097 4588 cium
2122 4573 2136 4595 ,
2179 4533 2392 4611 justitia
2419 4534 2820 4624 Imisericordia
2864 4522 3087 4604 indiget.
3132 4534 3500 4606 Quodcunque

293 4638 428 4691 Θεοῦ
457 4638 678 4705 γίνεται.
705 4638 772 4689 Τί
788 4638 894 4707 γάρ
921 4653 1002 4698 τις
1034 4635 1179 4706 ἄξιον
1208 4632 1465 4704 πεποίηκε
1496 4633 1709 4685 αίωνίου
1740 4644 1843 4701 μα-

294 4727 610 4797 καριότητος
645 4728 737 4780 καῖ⁵
768 4726 1035 4803 βασιλείας
1055 4724 1311 4794 οὐρανῶν,
1344 4725 1417 4793 μὴ
1447 4724 1550 4775 ὑπὸ
1571 4721 1704 4775 Θεοῦ
1730 4720 1847 4790 βοη-

293 4816 384 4871 Θού
392 4833 546 4886 μενος
562 4817 864 4881 ;-Πολλοὶ
882 4820 933 4869 cl
954 4813 1328 4878 ἐκδιώκοντές
1337 4831 1412 4881 με
1434 4813 1527 4865 καὶ
1544 4810 1844 4874 θλίϐοντές

288 4924 385 4976 με,
420 4906 487 4958 ἐκ
517 4905 633 4958 τῶν
661 4907 995 4974 μαρτυρίων
1045 4921 1160 4958 σου
1195 4906 1304 4957 οὐκ
1340 4902 1636 4965 ἐξέκλινα.
1663 4897 1843 4954 Εἶδον

293 4992 733 5058 ἀσυνετοῦντας
787 4994 884 5046 καί
951 4992 1330 5060 ἐξετηκόμην,
1376 4990 1463 5042 ὅτι
1538 4990 1610 5043 τὰ
1672 4988 1844 5057 λόγιὰ

292 5098 409 5137 σου
439 5085 550 5137 οὐκ
584 5080 1119 5150 ἐφυλάξαντοπιδε,
1163 5081 1252 5135 ὅτι
1298 5083 1401 5147 τὰς
1440 5078 1688 5144 ἐντολάς
1726 5093 1842 5131 σου

292 5164 594 5235 ἠγάπησα,
615 5166 807 5231 Κύριε,
833 5165 902 5216 ἐν
924 5164 1003 5229 τῷ
1030 5165 1186 5218 ἐλέει
1213 5179 1327 5217 σου
1360 5163 1541 5232 ζ’ῆσόν
1560 5179 1654 5231 με.
1672 5160 1839 5230 Ἀρχὴ

292 5254 411 5307 τῶν
436 5257 631 5324 λόγων
657 5269 773 5308 σου
800 5254 1076 5317 ἀλήθεια·
1112 5254 1209 5308 καί
1236 5258 1320 5321 εις
1344 5256 1451 5309 τὸν
1477 5252 1660 5309 αἰῶνα
1696 5252 1843 5305 πάν-

294 5361 366 5397 ta
384 5345 458 5398 td
486 5346 734 5416 κρίματα
760 5342 869 5411 τῆς
888 5342 1275 5413 δικαιοσύνης
1301 5362 1433 5399 σου.

365 5538 680 5606 Ἄρχοντες
709 5533 1068 5601 κατεδίωξαν
1082 5555 1156 5607 με
1184 5539 1425 5607 δωρεὰν,
1454 5540 1549 5593 καί
1578 5544 1692 5593 ἀπο
1725 5540 1840 5595 τῶν

293 5629 486 5699 λόγων
505 5644 620 5682 σου
645 5629 979 5683 ἐδειλίασεν
1015 5629 1052 5694 ἡ
1079 5629 1289 5696 καρδία
1307 5647 1442 5699 μου.
1462 5628 1836 5699 Ἁγαλλιάσοα-

287 5734 393 5787 μαι
411 5718 535 5787 -ὲνὼ
556 5718 665 5770 ἐπὶ.
685 5718 757 5772 τὰ
791 5716 961 5788 λότιά
981 5732 1115 5782 σου,
1143 5720 1224 5786 ὡς
1254 5722 1288 5773 ό
1321 5720 1613 5787 εὑρίσκων
1639 5721 1840 5775 σκῦλα

290 5806 507 5869 πολλά.
524 5807 770 5875 Ἀδικίας
792 5809 1052 5880 ἐμίσησα
1074 5810 1169 5865 καί
1193 5809 1617 5879 ἐϐδελυξάμην,
1649 5812 1749 5875 τὸν
1771 5812 1837 5867 δὲ

1950 4625 2096 4679 enim
2129 4617 2427 4679 secundum
2461 4625 2889 4679 misericordiam
2931 4626 3114 4695 peragi
3140 4626 3373 4693 videtur,
3398 4629 3499 4681 mi-

1947 4714 2245 4769 sericordia
2290 4714 2381 4770 Dei
2415 4712 2666 4789 efﬁcitur.
2722 4713 2861 4780 Quid
2894 4714 3038 4769 enim
3084 4717 3209 4785 quis
3259 4731 3494 4787 unquam

1947 4800 2149 4856 interna
2175 4802 2511 4875 beatitudine
2546 4809 2601 4857 et
2633 4818 2798 4872 regno
2840 4804 3100 4858 crelornm
3128 4806 3350 4877 dignum
3378 4822 3497 4876 ges-

1948 4892 2100 4955 serit,
2136 4891 2242 4945 nisi
2265 4886 2380 4946 Deo
2403 4892 2737 4961 opitulante?
2764 4922 2834 4934 --
2865 4892 3028 4950 Vens.
3058 4894 3307 4953 157-160.
3335 4894 3496 4949 lulti

1944 4981 2033 5049 qui
2071 4990 2444 5049 persequuntur
2476 4997 2555 5035 me
2582 4990 2629 5034 et
2678 4982 2931 5035 tribulant
2963 4999 3064 5048 me,
3109 4999 3143 5035 a
3186 4983 3495 5037 testimoniis

1946 5071 2048 5123 tuis
2079 5086 2183 5123 non
2212 5070 2486 5123 declinavi.
2552 5069 2665 5124 Vidi
2703 5073 3024 5143 insipientes,
3064 5085 3115 5129 et
3147 5074 3488 5139 tabescebam‘,

1946 5156 2070 5224 quia
2100 5154 2307 5225 eloquia
2361 5165 2453 5208 tua
2496 5173 2599 5210 non
2646 5162 3019 5233 custodierunt.
3080 5161 3206 5217 Vide
3248 5166 3493 5231 quoniam

1946 5245 2201 5299 mandata
2230 5254 2322 5298 tua
2372 5246 2555 5311 dilexi,
2608 5249 2846 5315 Domine,
2895 5253 2949 5305 in
2996 5253 3355 5309 misericordia
3400 5264 3491 5309 tua

1942 5338 2146 5405 vioiﬁco
2180 5354 2279 5392 me.
2314 5337 2639 5406 Principium
2674 5342 2942 5395 verborum
2970 5353 3177 5398 tuorum
3202 5347 3411 5411 ueritas,
3440 5355 3492 5401 et

1944 5429 1998 5480 in
2033 5438 2284 5482 (sternunt
2308 5430 2483 5483 omnia
2503 5430 2709 5498 judicia
2733 5432 2957 5501 justitia:
2979 5443 3103 5490 tute.

2012 5541 2174 5599 Vens.
2196 5542 2443 5600 ίθΙ-ίϐι.
2466 5544 2729 5614 Principes
2744 5546 2998 5615 persecuti
3013 5556 3132 5601 sunt
3148 5550 3424 5618 mcgratis,
3440 5559 3491 5604 et
3518 5568 3521 5569 ν

1943 5648 1975 5683 ιι
2006 5632 2173 5686 verbis
2204 5635 2307 5687 tuis
2335 5634 2637 5703 formidavit
2667 5651 2756 5689 cor
2787 5652 2977 5691 meum.
3011 5635 3368 5709 Latabor‘ego
3396 5656 3489 5695 su-

1940 5740 2033 5793 per
2054 5724 2261 5793 eloquia
2285 5712 2395 5791 tua,
2428 5727 2562 5780 sicut
2593 5728 2679 5797 qui
2707 5728 2896 5781 inuenit
2920 5728 3088 5796 spolia
3126 5729 3311 5785 multa.
3374 5730 3488 5785 Ini-

1939 5815 2165 5887 quitatcs
2219 5814 2337 5871 odio
2381 5816 2550 5871 habui-
2568 5826 2619 5879 et
2650 5817 2981 5874 abominatus
3010 5836 3148 5887 sum,
3195 5822 3349 5893 legem
3390 5840 3485 5878 au-
