4318 6420
865 486 1023 550 “9L
1587 482 1846 538 EUSEBII
1882 482 2344 539 CASSARIENSIS
2381 483 2525 539 OPP.
2555 481 2727 536 PARS
2763 481 2851 536 lll.
2892 512 2960 521 —
2998 480 3392 536 EXEGETICA.
3887 483 4021 537 ’δίη

871 612 970 664 lam
1013 611 1155 657 tuam
1189 600 1366 654 dilexi.
1408 598 1601 666 Septies
1648 601 1703 652 in
1748 598 1830 652 die
1879 599 2084 652 laudem
2139 598 2249 650 dixi
2303 598 2394 651 tibi
2422 605 2462 660 Α
2492 601 2576 666 rd;

2324 598 2394 651 ibi
2422 605 2462 660 Α
2492 601 2675 666 νόμον
2695 613 2808 650 σου
2834 595 3136 664 ἠγάπησα.
3154 595 3417 661 Ἑπτάκις
3444 594 3551 662 τῆς
3585 595 3804 664 ἡμέρας
3839 595 4027 667 ᾗκεσὰ

865 708 1017 762 super
1037 693 1239 762 judicia
1264 694 1488 762 justitite
1512 701 1633 746 tuae.
1677 691 1787 747 Hoc
1825 693 1948 746 item
1988 693 2254 762 intelligas
2293 693 2393 747 hac
2497 703 2570 740 σε

2320 708 2393 747 lac
2497 703 2570 740 σε
2591 687 2782 766 enim
2804 688 3051 754 κρίματα
3087 685 3190 751 τῆς
3229 686 3612 752 δικαιοσύνης
3636 701 3768 740 σου.
3801 687 4025 756 Νοήσεις

867 785 1089 848 ratione,
1122 785 1270 854 quod
1301 783 1552 837 nimirum
1582 793 1703 835 ante
1730 784 1896 837 solem
1921 799 1950 837 e
1969 783 2108 837 lecto
2146 771 2391 852 surgens,
2494 779 2572 829 xui

2320 798 2391 846 ns,
2494 779 2584 829 xui
2613 777 2779 839 οὕτως
2804 778 3095 846 ἐπιστήσας
3112 776 3186 837 ὡς
3206 776 3308 846 πρὸ
3333 775 3478 845 ἡλίου
3511 775 3905 844 διανιστάμενος
3932 775 4025 854 τῆς

868 875 1158 935 secundum
1189 875 1318 929 illud
1356 893 1368 929 :
1407 875 1482 928 De
1527 883 1669 932 nocte
1696 891 1842 930 mane
1876 876 2135 942 consurgit
2181 875 2393 943 spiritus
2493 867 2573 919 κοί

2318 884 2393 927 tu;
2493 867 2670 935 κοίτης
2695 867 2830 919 κατά
2864 867 2954 919 τὸν
2991 865 3211 934 λέγοντα
3237 883 3249 895 ·
3292 867 3381 916 Ἐκ
3423 864 3638 930 νυκτὸς
3681 863 3919 932 ὀρθρὶζει
3965 865 4023 916 τὸ

865 980 1007 1022 meus
1041 965 1108 1016 ad
1143 974 1211 1026 te,
1257 964 1393 1017 Deus
1421 965 1493 1028 ";
1523 970 1576 1017 et
1606 962 1828 1031 :.Deus,
1872 962 2007 1016 Deus
2044 979 2205 1025 meus,
2249 963 2315 1015 ad
2347 971 2393 1014 te
2492 971 2570 1010 πν

2347 971 2393 1014 te
2492 957 2724 1025 πνεῦμά
2738 975 2855 1025 μου
2880 957 3026 1024 πρὸς
3052 956 3144 1018 σὲ,
3175 959 3207 1008 ό
3240 957 3377 1021 Θεός
3395 972 3408 985 ’
3442 957 3552 1016 καὶ,
3585 959 3616 1008 ὁ
3644 955 3804 1020 Θεὸς,
3832 959 3864 1008 ὀ
3886 956 4025 1019 Θεός

865 1063 926 1118 de
952 1058 1061 1110 luce
1082 1057 1234 1125 vigilo
1252 1057 1318 1116 ”,
1348 1057 1577 1125 primum
1603 1056 1868 1110 emitteret
1893 1055 2177 1124 hymnum;
2204 1054 2394 1109 deinde

864 1149 1098 1208 instante
1129 1146 1234 1207 die,
1293 1146 1458 1212 prima
1507 1145 1636 1197 hora
1662 1145 1806 1206 .diei,
1863 1145 2014 1213 quasi
2070 1145 2390 1197 sacriﬁcium

863 1234 1209 1295 matutinum,
1260 1224 1556 1287 secundum
1589 1233 1845 1302 hymnum
1891 1232 1999 1287 Deo
2028 1233 2389 1301 persolveret;

863 1324 995 1383 liora
1049 1323 1293 1377 similiter
1336 1322 1517 1385 tertia,
1568 1323 1692 1377 item
1751 1324 1996 1389 tertium;
2044 1332 2194 1378 sexta
2241 1323 2388 1385 item,

862 1415 1146 1490 quartum;
1193 1427 1353 1476 nona,
1390 1413 1670 1482 quintum;
1717 1413 2031 1466 duodecima
2067 1413 2218 1477 hora,
2270 1427 2391 1466 sex-

866 1510 977 1558 tum
1005 1518 1019 1568 ;
1053 1500 1246 1563 deinde
1276 1517 1498 1570 vespera
1527 1509 1647 1571 post
1671 1502 1960 1556 adhibitam
1994 1504 2204 1571 corpori
2236 1518 2392 1556 cura-

863 1589 1085 1652 tionem,
1128 1589 1193 1650 ad
1218 1588 1411 1644 lectum
1444 1602 1782 1651 accessurus,
1826 1589 2106 1658 septimum
2137 1590 2389 1659 hymnum

863 1676 1158 1733 eﬂ‘underet
1183 1695 1197 1742 ;
1231 1685 1390 1746 atque
1426 1678 1499 1734 ita
1526 1677 1776 1748 implebat
1805 1679 1932 1732 illud
1959 1696 1971 1732 :
2009 1677 2200 1747 Septies
2230 1680 2282 1733 in
2309 1679 2392 1732 die

862 1767 1066 1832 laudem
1095 1768 1206 1822 dixi
1233 1769 1340 1820 tibi.

2486 1067 2621 1117 μου,
2639 1049 2785 1116 πρὸς
2803 1048 2877 1102 σὲ
2895 1047 3141 1115 ὁρθρίζω,
3172 1048 3258 1100 τὸν
3281 1047 3490 1116 πρῶτον
3514 1048 3819 1118 ἀνέπεμπεν
3841 1046 4022 1115 ῦμνονθ

2490 1134 2585 1190 εἴτ’
2601 1138 2889 1206 ἐπιστάσης
2908 1136 3129 1206 ἡμέρας,
3151 1134 3289 1187 κατὰ
3307 1135 3401 1204 τὴν
3423 1134 3639 1207 πρώτην
3657 1135 3821 1206 ὤραν,
3843 1136 4027 1206 ῶσπερ

2491 1227 2652 1279 ἕωθεν
2690 1226 2785 1296 τὴν
2830 1226 3014 1278 θυσίαν
3038 1222 3043 1226 ’
3063 1225 3360 1295 προσέφερε
3397 1224 3473 1294 τῷ
3503 1225 3618 1300 Θεῷ
3648 1226 3734 1278 τὸν
3762 1225 4028 1296 δεύτερον,

2491 1316 2578 1366 καὶ
2607 1315 2742 1367 κατά
2764 1316 2858 1384 τὴν
2890 1315 3074 1384 τρίτην
3109 1313 3363 1376 ὡσαύτως
3399 1313 3496 1382 τὴν
3519 1314 3714 1382 τρίτον,
3748 1315 3840 1367 καὶ
3873 1315 4030 1367 πάλιν

2490 1402 2628 1454 κατά
2671 1401 2766 1471 τὴν
2811 1401 2972 1471 ἕκτην
3011 1402 3099 1454 τὸν
3148 1401 3418 1471 τέταρτον,
3450 1401 3585 1453 κατά
3632 1401 3687 1453 δὲ
3718 1401 3813 1472 τὴν
3838 1404 4027 1474 ἐνάτην

2490 1490 2633 1558 ὥραν
2665 1489 2752 1541 τὸν
2776 1489 3034 1558 πέμπτον,
3067 1489 3202 1543 κατά
3234 1488 3289 1541 δέ
3312 1488 3404 1558 τήν
3425 1489 3722 1560 δωδεκάτην
3740 1492 3828 1544 τὸν
3849 1489 4020 1557 ἕκτον,

2491 1575 2588 1630 εἷθ’
2619 1579 2852 1648 ἑσπέρας
2899 1579 3030 1647 μετὰ
3075 1578 3170 1648 τὴν
3197 1578 3288 1630 τοῦ
3319 1577 3562 1648 σώματος
3594 1580 3903 1650 θεραπείαν,
3931 1583 4022 1634 ἐπὶ

2489 1669 2669 1736 κοίτην
2699 1667 2899 1738 μέλλων
2924 1668 3210 1738 τρέπεσθαι
3255 1668 3340 1720 τὸν
3387 1667 3606 1737 ἕϐδομον
3651 1669 3816 1737 ῦμνον
3839 1671 4036 1732 ἀπεδίτ⁶

2488 1758 2597 1820 δου,
2637 1759 2727 1810 καὶ
2776 1757 2944 1819 οὓτως
2971 1757 3200 1827 ἐπλήρου
3234 1757 3326 1810 τό’
3367 1757 3633 1824 Ἑπτάκις
3665 1758 3774 1827 τῆς

2491 1847 2678 1914 ᾔνεσά
2714 1861 2804 1899 σε.

933 1899 1095 1991 Visus.
1129 1937 1251 1990 165.
1302 1935 1419 1989 Pax
1456 1937 1620 1991 multa
1651 1938 1974 2008 diligentibus
2022 1910 2177 2009 lepem
2224 1947 2386 2004 tuam,
2425 1920 2463 1972 Β
2498 1899 2523 1914 η
2555 1899 2638 2003 Et;

2317 1956 2386 2004 νη,
2425 1920 2463 1972 Β
2498 1899 2523 1914 Η
2555 1899 2774 2003 Εἰρήνη
2803 1935 2996 2002 πολλὴ
3022 1935 3142 2001 τοῖς
3171 1935 3436 2004 ἀγαπῶσι
3451 1935 3553 1989 τὸν
3575 1937 3758 2004 νόμον
3781 1940 4019 2004 σου,καί

864 2036 912 2080 et
941 2035 1135 2080 nonest
1167 2027 1274 2084 illis
1299 2028 1625 2084 scandalum.
1667 2011 1783 2082 ‘Dei
1820 2033 2012 2083 nomen
2051 2028 2266 2100 [legem]
2308 2029 2390 2081 di-

871 2116 1150 2185 ‘igentibus
1175 2131 1275 2185 pax
1303 2117 1440 2170 inest
1463 2116 1626 2169 multa
1649 2134 1664 2183 ;
1700 2133 1806 2171 non
1831 2119 2005 2188 qualis
2023 2125 2240 2172 externa
2267 2135 2278 2168 :
2300 2117 2390 2170 illa

886 2209 1062 2274 guippe
1083 2219 1188 2260 non
1220 2221 1383 2285 penes
1437 2223 1538 2262 nos
1582 2215 1699 2273 est;
1736 2208 1828 2262 sed
1858 2223 1918 2262 ea
1951 2224 2068 2278 quas
2099 2209 2150 2262 in
2185 2207 2388 2277 cogita-

890 2296 1102 2350 ionibus
1131 2298 1230 2349 sila
1263 2303 1365 2360 est,
1401 2312 1465 2350 ex
1494 2311 1600 2366 qua
1641 2297 1966 2352 turbationis
2009 2305 2062 2352 et
2108 2299 2386 2360 tumultus,

864 2401 980 2448 mae
1019 2400 1082 2438 ex
1124 2385 1408 2440 aﬂ'ectuum
1474 2387 1741 2442 vacuitate
1792 2387 2027 2456 gignitur
2081 2387 2389 2442 immunitas

897 2472 1094 2526 xsistit.
1128 2471 1278 2526 Hanc
1305 2487 1409 2525 una
1441 2487 1561 2526 cum
1608 2475 1923 2543 congruenti
1969 2475 2134 2543 gratia
2167 2489 2389 2542 accepe—

886 2570 1010 2624 unt,
1035 2563 1126 2631 qui
1159 2577 1275 2616 eam
1300 2577 1327 2614 a
1353 2560 1459 2615 Deo
1492 2561 1646 2616 Patre
1674 2572 1726 2617 et
1763 2563 1984 2623 Domino
2018 2563 2144 2618 Jcsu
2175 2565 2391 2619 Christo

869 2651 1008 2704 nacti
1044 2659 1188 2705 sunt.
1221 2649 1353 2703 Cum
1385 2651 1528 2704 illam
1555 2652 1736 2720 itaque
1775 2653 1824 2705 in
1864 2646 2077 2705 nomine
2099 2651 2189 2706 Dei
2217 2653 2392 2721 possi-

866 2737 1048 2801 deant,
1073 2744 1259 2806 ntpote
1298 2738 1492 2792 eximie
1523 2737 1766 2806 perfecti.
1819 2739 2127 2794 scandalum
2163 2755 2268 2793 non
2295 2740 2392 2793 ba-

868 2831 990 2882 bent
1022 2828 1075 2880 in
1123 2826 1429 2894 semetipsis
1478 2844 1491 2879 :
1544 2842 1666 2880 nam
1725 2827 2039 2895 pusillorum
2083 2828 2232 2892 illud,
2284 2844 2390 2883 non

866 2932 990 2969 vero
1023 2915 1451 2985 praestantiorum
1487 2923 1590 2977 est,
1645 2916 2090 2985 quemadmodum
2146 2918 2220 2970 ait
2268 2918 2391 2972 Ser-

863 3013 1017 3058 vatur
1068 3021 1082 3057 :
1144 3005 1321 3058 Videte
1370 3021 1430 3059 ne
1460 3007 1825 3058 scandalizetis
1875 3023 2031 3058 unum
2079 3007 2153 3060 de
2186 3009 2390 3074 pusillis

863 3097 978 3160 istis
1008 3096 1072 3150 ".
1113 3095 1267 3161 Quod
1313 3096 1359 3150 si
1407 3097 1571 3148 multa
1606 3111 1706 3164 pax
1751 3097 1820 3149 sit
1851 3097 2196 3166 diligentibus
2225 3098 2388 3166 legem

2487 2027 2594 2079 οὐκ
2621 2025 2787 2078 ἐστιν
2813 2026 3009 2093 αὐτοῖς
3035 2026 3394 2083 σκάνδαλον.
3433 2028 3555 2090 Τοῖς
3583 2027 3672 2080 τοῦ
3697 2028 3830 2082 Θεοῦ
3857 2029 4020 2100 ὄνομα

2488 2116 2734 2168 ποθοῦσιν
2767 2118 2951 2186 εἰρήνη
2983 2117 3229 2186 τυγχάνει
3262 2117 3448 2188 πολλὴ,
3481 2119 3540 2170 οῦ
3568 2119 3815 2171 τοσοῦτον
3836 2121 3869 2189 ή
3895 2120 4022 2184 {Eco—

2489 2205 2576 2258 θεν
2595 2223 2608 2235 ο
2639 2207 2697 2258 οὺ
2728 2206 2832 2275 γὰρ
2860 2208 2940 2273 ἐφ’
2966 2208 3094 2276 ήμῖν
3121 2206 3256 2275 αῦτη
3276 2224 3290 2237 ·
3318 2207 3428 2259 ἀλλ’
3461 2209 3492 2276 ή
3519 2208 3576 2262 ἐν
3596 2211 3704 2272 τοῖς
3725 2208 4019 2278 λογισμοῖς,

2487 2295 2603 2346 καθ’
2633 2297 2695 2364 ἢν
2727 2295 3004 2364 συμϐαίνει
3027 2295 3316 2365 ἀταραξίαν
3341 2296 3430 2348 καὶ
3452 2295 3823 2366 ἀνενοχλησίαν
3850 2296 3948 2366 τῆς
3965 2296 4024 2361 ἐξ

2487 2383 2748 2446 ἀπαθείας
2767 2383 2924 2452 ἔχειν.
2949 2383 3154 2452 Ταύτην
3183 2385 3297 2452 ἃμα
3324 2386 3388 2454 τῇ
3413 2383 3724 2454 καταλλήλῳ
3748 2383 3925 2454 χάριτι
3949 2385 4023 2436 εί-

2487 2471 2712 2541 λήφασιν
2737 2475 2783 2525 oi
2814 2473 3021 2542 ἔχοντες
3043 2473 3148 2527 ἀπὸ
3179 2473 3311 2531 Θεοῦ
3341 2475 3432 2525 καὶ
3459 2473 3668 2542 Πατρὸς
3697 2473 3790 2526 καὶ
3823 2473 4022 2544 Κυρίου

2499 2560 2667 2629 Ἰησοῦ
2699 2559 2947 2632 Χριστοῦ.
2971 2561 3302 2630 Κεκτημένοι
3334 2560 3461 2627 γοῦν
3487 2561 3650 2636 αὐτὴν
3670 2560 3753 2613 διὰ
3778 2562 3838 2613 τὸ
3856 2561 4022 2631 δνομα

2485 2651 2579 2704 τοῦ
2612 2650 2764 2715 Θεοῦ,
2792 2651 3224 2721 ὑπερϐαλλόντως
3252 2652 3578 2723 ὑπάρχοντες
3619 2652 3828 2717 τέλειοι,
3863 2653 4025 2706 σκάν-

2486 2741 2639 2794 δαλον
2679 2740 2775 2813 οῦκ
2805 2738 3012 2808 ἔχουσιν
3050 2742 3105 2791 ἐν
3137 2742 3374 2802 ἑαυτοῖς·
3425 2739 3630 2810 μικρῶν
3675 2740 3781 2810 γὰρ
3826 2739 3938 2793 ἀλλ’
3963 2742 4023 2793 οὐ

2491 2830 2735 2898 μεγάλων
2760 2828 2820 2880 τδ
2853 2829 2993 2897 ἔχειν
3033 2831 3204 2892 τοῦτο,
3233 2829 3304 2891 ὥς
3339 2845 3497 2898 φησιν
3525 2832 3552 2884 ὁ
3581 2830 3789 2900 Σωτήρ·
3832 2828 4024 2896 Ὁρᾶτε

2481 2919 2565 2986 μὴ
2599 2918 3039 2985 σκανδαλίσητε
3065 2917 3170 2971 ἕνα
3196 2917 3310 2971 τῶν
3329 2918 3552 2989 μικρῶν
3583 2920 3819 2978 τούτων.
3864 2920 3926 2972 Εί
3965 2919 4024 2978 δὲ

2487 3009 2570 3077 εἴη
2599 3010 2779 3079 είρήνη
2812 3008 2977 3076 πολλὴ
3005 3010 3114 3070 τοῖς
3141 3006 3388 3074 ἀγαπῶσι
3419 3008 3508 3060 τὸν
3551 3009 3709 3076 νόμον
3748 3008 3839 3061 τοῦ
3863 3008 4020 3070 Θεοῦ,

2487 3101 2700 3171 εἰρήνην
2721 3098 2829 3168 ἔχει
2856 3099 3070 3168 πολλὴν,
3096 3097 3324 3178 πόλεμος
3349 3099 3443 3169 οὐχ
3476 3100 3701 3152 ἀπτεται
3725 3101 3827 3170 τῆς
3849 3100 4026 3178 ψυχῆς

865 3185 979 3245 Dei,
1015 3200 1198 3253 pacem
1232 3185 1319 3238 ille
1350 3186 1570 3239 multam
1603 3185 1783 3246 habet,
1825 3184 2129 3252 bellumque
2160 3185 2386 3236 animam
2418 3225 2458 3282 ϐ
2491 3189 2570 3239 αὺι

2322 3199 2386 3236 IITI
2418 3225 2458 3282 ϐ
2491 3187 2682 3282 aptet"):
2713 3189 2859 3282 οῦδὲν
3018 3172 3551 3282 τῶνάμαρτημάτων
3577 3189 3786 3282 ἐκκαίει
3807 3190 3902 3282 τήν

861 3274 978 3342 ejus
999 3289 1103 3326 non
1120 3273 1328 3344 attingit
1346 3292 1358 3326 :
1378 3274 1581 3337 nullum
1601 3274 1739 3332 enim
1750 3280 2025 3340 peccatum
2043 3273 2149 3325 urit
2163 3273 2391 3325 animam

862 3363 1010 3428 ejus:
1044 3369 1096 3416 et
1121 3361 1245 3430 quia
1280 3376 1462 3431 pacem
1490 3362 1670 3426 habet,
1688 3363 1808 3417 talis
1829 3362 2020 3424 evasit,
2053 3369 2158 3415 uta
2179 3361 2394 3416 nemine

845 3448 1004 3510 'ultra
1046 3450 1676 3516 scandalizetur,ldicens
1707 3467 1720 3502 :
1754 3451 1880 3515 Quis
1932 3467 2023 3506 nos
2065 3451 2322 3519 separabit
2361 3467 2393 3504 a

860 3542 1112 3594 ueritate
1160 3540 1398 3594 Christi?
1432 3523 1741 3603 Tribulatio,
1779 3558 1847 3593 an
1872 3542 2110 3609 angustia
2129 3543 2194 3617 ίξ,
2225 3548 2327 3594 etc.

936 3629 1096 3684 Vens.
1125 3629 1247 3682 166.
1285 3628 1662 3695 Exspectabam
1694 3631 1935 3691 Sqlutare
1958 3641 2127 3694 tuum,
2153 3629 2389 3688 Domine.

863 3731 911 3776 et
941 3720 1191 3774 mandata
1235 3727 1326 3771 tua
1379 3717 1560 3771 dilexi.
1622 3719 1756 3774 Cum
1804 3727 1915 3773 ate
1953 3723 2130 3779 veram
2167 3721 2392 3772 salutem

863 3819 1249 3883 exspectarem,
1300 3824 1403 3863 non
1449 3808 1608 3865 modo
1637 3809 1874 3870 servavi,
1909 3808 2002 3861 sed
2045 3809 2203 3864 etiam
2235 3806 2392 3862 dilexi

875 3901 1130 3954 mandata
1176 3909 1286 3953 tua.
1327 3896 1459 3949 Nam
1494 3913 1614 3949 cum
1657 3907 1806 3955 actus
1851 3912 1954 3962 una
2001 3913 2121 3951 cum
2162 3898 2392 3966 perfecta

869 3989 1235 4045 mandatorum
1263 3986 1546 4045 dilectione
1575 3986 1849 4054 jungetur,
1890 3993 2252 4055 exspectatum
2293 3985 2391 4040 Sa-

874 4091 1037 4134 utare
1093 4080 1376 4135 confestim
1425 4087 1698 4148 sequetur,
1746 4079 1886 4148 quod
1941 4095 2047 4132 non
2095 4081 2238 4137 aliud
2279 4088 2390 4143 est,

885 4188 1028 4242 luam
1061 4173 1207 4226 salus
1240 4185 1426 4224 eorum
1469 4171 1559 4238 qui
1605 4172 1772 4239 ipsam
1815 4180 2192 4239 assequuntur.
2241 4172 2394 4238 Quod

879 4261 914 4320 si
944 4261 1104 4314 etiam
1137 4260 1465 4313 Salvatorem
1495 4268 1788 4327 exspectet,
1821 4261 1887 4315 de
1915 4276 2021 4330 quo
2037 4263 2236 4316 dictum
2266 4270 2344 4316 est
2377 4281 2391 4317 :

877 4348 1075 4406 Videbit
1118 4349 1284 4401 omnis
1331 4362 1453 4402 caro
1484 4345 1946 4412 Salutare'Dei”,
2007 4354 2396 4416 consequenter

864 4438 1110 4496 mandata
1131 4436 1222 4490 Dei
1248 4436 1438 4505 diligit,
1461 4436 1615 4505 cujus
1639 4436 1797 4489 etiam
1832 4436 2074 4492 Salutare
2115 4447 2394 4505 exspecta-

2491 3275 2587 3348 χὴν
2611 3274 2794 3338 αὑτοῦ,
2825 3275 2917 3335 καὶ
2944 3275 3034 3328 ἅτε
3073 3278 3257 3346 είρήνη
3273 3293 3291 3329 ι
3315 3275 3449 3344 ἔχων
3485 3276 3719 3338 τοιοῦτος
3743 3277 4025 3347 γεγένηται

2489 3365 2563 3433 ὡς
2599 3364 2699 3415 ὑπὸ
2744 3362 2966 3433 μηδενὸς
3005 3361 3082 3414 ἔτι
3121 3362 3470 3432 σκανδαλισθῇ
3508 3361 3708 3431 λέγων’
3744 3365 3835 3429 Τίς
3873 3363 4029 3434 ἡμᾶς

2474 3453 2723 3522 ’χωρίσει
2751 3453 2867 3510 ἀπὸ
2892 3453 2999 3521 τῆς
3023 3452 3252 3521 ἀγάπης
3277 3453 3379 3505 τοῦ
3412 3455 3700 3522 Χριστοῦ;
3740 3456 3950 3525 Θλίψις
3966 3481 3968 3484 ·
3987 3455 4028 3523 ἢ

2491 3544 2866 3612 στενοχωρία,
2901 3544 2993 3604 καὶ
3022 3542 3088 3604 τὰ
3117 3543 3258 3613 ἑξῆς.
3689 3578 3692 3583 .

2551 3629 2940 3700 ’Προσεδόκων
2979 3634 3044 3686 τὸ
3084 3633 3374 3702 Σωτήριόν
3414 3648 3548 3698 σου,
3579 3636 3769 3702 Κύριε,
3797 3636 3893 3688 καί
3922 3636 4029 3700 τὰς

2489 3723 2735 3789 ἐντολάς
2757 3738 2869 3777 σου
2890 3722 3186 3794 ἠγάπησα.
3212 3724 3524 3794 Προσδοκῶν
3551 3725 3647 3793 τὴν
3675 3723 3779 3776 ἀπὸ
3809 3724 3901 3776 σοῦ
3927 3741 4030 3776 σω-

2491 3813 2681 3881 τηρίαν
2735 3812 2831 3882 τὴν
2881 3811 3154 3882 ἀληθινὴν,
3181 3813 3240 3864 οὐ
3283 3813 3446 3880 μόνον,
3483 3813 3738 3882 ἐτήρησα,
3767 3812 3900 3865 ἀλλὰ
3936 3812 4031 3864 καὶ

2492 3901 2750 3968 ἠγάπησά
2776 3915 2865 3950 σου
2902 3885 2997 3957 τὰς
3028 3898 3260 3968 ἐντολάς.
3285 3897 3394 3966 Τῆς
3431 3899 3536 3967 γὰρ
3569 3899 3680 3967 μετ’
3709 3901 4029 3968 ἀγαπήσεως

2491 3991 2597 4051 τῶν
2638 3988 2860 4046 ἐντολῶν
2905 3986 3331 4065 κατωρθωμένης
3379 3987 3649 4056 ἐνεργείας
3693 3986 4028 4058 ὑπαρξάσης,

2493 4081 2648 4142 εὐθὺς
2672 4079 3013 4150 ἀκολουθήσει
3045 4078 3104 4134 τὺ
3131 4076 3564 4146 προσδοκώμενον
3609 4077 3896 4146 Σωτήριον,
3930 4078 4029 4146 οὐχ

2492 4169 2672 4238 ἕτερον
2697 4165 2755 4226 δν
2785 4167 2883 4235 τῆς
2911 4166 3017 4224 τῶν
3049 4164 3359 4233 σωζομένων
3399 4165 3683 4235 σωτηρίας.
3725 4166 3783 4217 Et
3831 4165 3887 4217 δὲ
3929 4166 4030 4217 καὶ

2491 4258 2580 4309 τὸν
2609 4257 2826 4326 Σωτῆρα
2853 4253 3138 4332 προσδοκᾷ,
3169 4254 3291 4330 περὶ
3318 4249 3377 4307 οὗ
3403 4253 3638 4324 εἴρηται·
3670 4253 3844 4307 Πᾶσα
3872 4254 4026 4320 σὰρξ

2494 4349 2697 4414 ὄψεται
2726 4347 2790 4398 τὸ
2822 4344 3113 4414 Σωτήρων
3157 4345 3260 4396 τοῦ
3298 4345 3462 4406 Θεοῦ,
3512 4344 3810 4405 ἀκολούθως
3841 4344 4030 4413 ἀγαπᾷ

2496 4438 2591 4500 τὰς
2615 4437 2826 4498 ἐντολὰς
2855 4435 2947 4488 τοῦ
2968 4434 3121 4496 Θεοῦ,
3145 4429 3205 4486 οὗ
3225 4435 3315 4492 καὶ
3336 4434 3395 4484 τὸ
3417 4435 3680 4508 Σωτήρων
3705 4433 4031 4502 προσεδόκη-

865 4535 960 4595 vit,
992 4540 1047 4584 ut
1077 4539 1128 4585 et
1157 4533 1364 4586 actione
1404 4547 1570 4601 purus
1616 4540 1668 4585 ct
1714 4530 2114 4598 exspectatione
2157 4535 2395 4583 contem-
2426 4535 2470 4593 ι)
2497 4544 2570 4580 σει

2325 4541 2395 4579 m-
2426 4535 2470 4593 1)
2497 4544 2606 4590 σεν,
2637 4528 2720 4588 ἶνα
2762 4527 2854 4577 καὶ
2883 4526 2978 4594 τὴν
3014 4523 3205 4595 πρᾶξιν
3311 4523 3576 4599 καθαρῶς,
3619 4525 3708 4575 καὶ
3738 4523 3832 4592 τὴν
3864 4540 4030 4593 προσ-

863 4621 1165 4689 υίυῢιιηιίιιε
1213 4622 1302 4683 sit,
1333 4628 1655 4689 exspectans
1691 4629 1902 4688 semper
1931 4627 1985 4672 et
2030 4616 2396 4695 cbnlemplans

863 4710 1030 4766 Deum
1067 4710 1297 4765 Verbum
1331 4713 1629 4766 venientem
1659 4723 1900 4779 quaerere
1948 4716 2001 4762 et
2058 4709 2264 4762 salvum
2318 4706 2396 4764 ia-

864 4817 986 4859 cere
1010 4801 1150 4871 quod
1193 4800 1441 4868 perierat.

935 4891 1096 4946 Vens.
1139 4889 1259 4952 167,
1295 4891 1413 4942 168.
1434 4889 1722 4944 Custodivit
1753 4892 1928 4946 anima
1963 4905 2072 4944 mea
2103 4889 2397 4949 testimonia

866 4991 988 5041 tua,
1021 4989 1068 5031 et
1099 4977 1280 5029 dilexit
1319 4993 1379 5031 ea
1413 4978 1748 5030 vehementer.
1783 4976 1897 5029 Non
1934 4978 2112 5031 solmn
2143 4976 2393 5036 mandata

851 5079 957 5120 tua
984 5067 1142 5120 dilexi
1165 5107 1179 5128 ,
1211 5079 1393 5119 verum
1421 5065 1580 5117 etiam
1617 5065 1920 5120 testimonia
1953 5073 2044 5123 tua
2079 5064 2230 5126 valde
2262 5063 2396 5117 dile-

869 5159 944 5209 xit
996 5156 1172 5213 anima
1218 5170 1366 5216 mea,
1414 5161 1466 5211 et
1503 5154 1793 5207 custodivit
1830 5168 1911 5207 ea.
1954 5153 2136 5207 Primo
2182 5152 2397 5220 quidem

871 5244 1176 5312 singulatim
1217 5243 1460 5304 dicebat,
1491 5243 1787 5311 diligebam,
1813 5250 1900 5304 et,
1945 5240 2106 5297 dilexi
2151 5239 2400 5294 mandata

877 5345 1004 5392 tua;
1037 5333 1272 5386 secundo
1307 5344 1514 5392 autem,
1558 5332 1848 5385 Custodivit
1891 5331 2068 5383 anima
2104 5347 2216 5382 mea
2258 5331 2400 5382 testi-

872 5427 1043 5484 monia
1095 5434 1222 5486 tua;
1275 5427 1431 5479 tertio
1480 5427 1603 5479 item
1656 5435 1882 5493 utraque
1927 5425 2255 5493 conjungens
2291 5425 2395 5477 ait:

875 5512 1081 5566 Servavi
1116 5511 1362 5566 mandata
1392 5523 1481 5566 tua
1508 5524 1555 5566 et
1588 5516 1884 5568 testimonia
1920 5524 2048 5575 tua;
2076 5515 2198 5583 quia
2227 5529 2398 5566 omnes

874 5605 965 5665 rite
996 5621 1118 5658 mea:
1141 5607 1198 5657 in.
1219 5611 1488 5671 conspectu
1512 5614 1618 5668 tuo,
1651 5605 1882 5660 Domine.
1907 5603 2160 5658 Peccator
2185 5619 2291 5657 non
2322 5604 2403 5656 di-

2497 4618 2676 4678 δοκίαν
2709 4616 3067 4694 θεωρητικῶς.
3096 4613 3401 4685 προσδοκῶν
3429 4614 3513 4665 ἀεὶ
3549 4615 3639 4666 καὶ
3669 4613 3881 4683 θεωρῶν
3907 4614 4030 4681 ἐλη-

2497 4706 2690 4760 λυθότα
2715 4706 2803 4760 τὸν
2822 4706 2950 4758 Θεὸν
2979 4705 3148 4771 Λόγον
3176 4703 3401 4772 ζητῆσαι.
3427 4703 3519 4761 καὶ
3548 4703 3715 4754 σῶσαι
3737 4704 3797 4754 τδ
3823 4704 4024 4756 ἀπολω-

2495 4799 2600 4862 λὸςο

2579 4885 2897 4957 Eppia-(fer
2929 4887 2965 4950 ἠ
2999 4881 3162 4950 ψυχή
3185 4899 3300 4950 μου
3344 4879 3412 4935 τὰ
3447 4880 3729 4950 μαρτύριὰ
3768 4897 3901 4943 σου,
3933 4883 4028 4934 καί

2496 4979 2805 5047 ἠγάπησεν
2831 4974 2980 5029 αὐτὰ
3010 4973 3256 5040 σφόδρα.
3293 4972 3365 5023 Ob
3394 4972 3548 5039 μόνον
3569 4972 3664 5034 τὰς
3693 4971 3904 5034 ἐντολάς
3935 4988 4030 5023 σου

2497 5069 2770 5136 ἠγάπησα,
2797 5065 2929 5119 ἀλλὰ
2957 5065 3049 5116 καὶ
3074 5063 3139 5120 τὰ
3169 5060 3436 5131 μαρτύριά
3467 5077 3557 5113 σου
3592 5052 3791 5129 σφόδρα
3812 5061 4029 5128 ήγάπη-

2499 5176 2587 5210 σεν
2616 5159 2648 5225 ή
2677 5156 2818 5224 ψυχή
2849 5173 2968 5225 μου,
3007 5154 3099 5205 καὶ
3146 5151 3399 5218 ἐφύλαξεν
3445 5152 3596 5203 αὐτά.
3631 5150 3892 5221 Πρότερον
3937 5151 4033 5218 μὲν

2499 5247 2637 5299 κατὰ
2659 5246 2734 5308 ἓν,
2765 5244 3025 5312 ἠγάπων,
3054 5243 3163 5302 καὶ,
3192 5241 3469 5309 ἠγάπησα
3496 5243 3597 5306 τὰς
3617 5239 3866 5304 ἐντολάς
3892 5257 4026 5294 σου·

2497 5337 2738 5406 δεύτερον
2762 5352 2774 5364 ⁸
2836 5332 3158 5400 Ἑφύλαξεν
3194 5333 3230 5397 ἡ
3265 5331 3429 5398 ψυχή
3477 5349 3592 5399 μου
3642 5332 3712 5381 τὰ
3747 5329 4033 5398 μαρτύριὰ

2499 5442 2611 5478 σου
2631 5441 2642 5453 ⁸
2664 5423 2801 5476 κατά
2834 5421 2891 5474 δὲ
2916 5421 2974 5472 τὸ
3005 5419 3178 5489 τρίτον
3211 5419 3518 5486 συναγαγὼν
3546 5417 3822 5489 ἀμφότερα
3847 5423 3924 5482 είς
3951 5421 4031 5482 ἒν,

2503 5512 2660 5582 φησίν
2679 5529 2691 5540 ·
2736 5508 3027 5577 Ἐφύλαξα
3055 5509 3155 5571 τὰς
3178 5506 3420 5571 ἐντολάς
3449 5521 3561 5557 σου
3602 5505 3694 5557 καί
3724 5506 3791 5558 τὰ
3816 5506 4033 5574 μαρτύ-

2499 5603 2600 5671 ριὰ
2626 5619 2758 5666 σου,
2789 5603 2873 5655 ὅτι
2900 5589 3079 5655 πᾶσαι
3103 5604 3158 5652 al
3187 5601 3311 5654 ὁδοί
3333 5617 3449 5667 μου
3479 5598 3747 5650 ἐναντίον
3769 5614 3901 5662 σου,
3921 5598 4034 5652 Κύ-

1039 5760 1150 5812 lsa.
1196 5773 1358 5828 mi,
1395 5758 1446 5813 9.
1522 5760 1564 5791 "
1605 5756 1745 5815 Psal.
1782 5774 1924 5830 mu,
1960 5758 2011 5812 2.
2089 5759 2131 5790 ³³
2171 5756 2353 5810 Matth.
2390 5772 2554 5821 xvm,
2590 5755 2622 5811 ll

2089 5759 2131 5790 ³³
2171 5756 2353 5810 Matth.
2390 5772 2554 5821 xvut,
2590 5755 2670 5811 lt).
2747 5757 2803 5827 'ﬁ
2829 5753 2980 5810 Rom.
3018 5717 3142 5816 sui,
3178 5754 3248 5808 55
3345 5753 3386 5784 ³⁸
3426 5755 3528 5806 lsa.
3567 5753 3751 5818 3.1.,‘5.
