4318 6398
348 493 484 550 1503
1466 481 1951 542 COMMENTARIA
1987 480 2055 536 IN
2092 482 2420 539 PSALMOS.
3386 485 3520 543 13M

338 627 449 679 με.
464 609 523 662 '0
538 608 849 679 ἁμαρτωλὸς
880 608 976 661 οὐκ
996 608 1110 677 ἐρεῖ
1127 624 1138 639 ι
1158 604 1346 660 Πᾶσαι
1371 608 1427 658 al
1458 604 1582 658 ὁδοί
1596 621 1711 672 μου
1730 604 1892 656 ἐναν-
1920 608 1960 663 Α
1990 616 2043 656 ce

1815 620 1892 656 ιν-
1920 608 1960 663 Α
1990 611 2104 667 cet,
2141 601 2329 657 Omnes
2369 602 2464 655 uia!
2514 616 2638 669 mete
2678 601 2729 653 in
2769 610 3041 670 conspectu
3084 610 3168 656 tuo
3203 618 3214 631 ·
3256 618 3377 656 nam
3424 604 3520 657 via:

344 700 474 753 τιον
501 712 646 749 σου·
674 697 726 749 αἱ
758 697 863 766 γὰρ
892 695 998 747 ὁδοὶ
1039 693 1131 746 τοῦ
1177 690 1494 763 ἁμαρτωλοῦ
1526 691 1621 741 οὐκ
1667 690 1798 740 εἰσὶν
1826 690 1883 766 ὲν
1952 698 1955 701 ·
1986 708 2047 761 pe

1826 690 1883 766 ὲν
1952 692 2283 761 peccatoris
2317 708 2424 746 non
2469 696 2592 747 sunt
2624 691 2675 745 in
2716 701 3004 761 conspectu
3045 694 3172 759 Dei,
3215 693 3307 748 sed
3347 694 3515 747 solum

346 786 636 856 ὀφθαλμοῖς
670 761 951 851 τοῦῨΘῚεοῦ,
984 784 1115 836 ἀλλὰ
1145 761 1303 852 μόνον
1339 784 1392 833 αἱ
1429 778 1519 832 τοῦ
1552 778 1779 831 δικαίου⁸
1817 761 1882 829 ἶν’

345 872 438 929 οῦν
471 877 561 927 καὶ
588 877 643 927 αἱ
673 876 926 945 ἡμέτεραι
953 870 1210 941 γένωνται
1240 874 1405 925 πᾶσαι
1429 872 1482 921 αἱ
1515 869 1619 921 ὁδοὶ
1651 866 1881 920 ἐναντίον

346 962 436 1015 τοῦ
463 962 616 1031 Θεοῦ,
638 966 685 1015 οι
713 963 881 1033 νόμοι,
913 965 961 1016 οἱ
988 962 1278 1034 προφῆται,
1315 964 1346 1030 ή
1375 960 1465 1012 ἐπὶ
1510 960 1640 1011 πᾶσι
1680 958 1876 1021 τελεία,

344 1052 564 1122 ἀληθινὴ
594 1052 684 1106 καὶ
712 1053 883 1124 ἀγαθὴ
904 1053 1037 1119 ὁδὸς,
1061 1056 1089 1106 ὁ
1113 1052 1274 1105 εἰπών
1295 1070 1307 1081 ·
1352 1048 1486 1119 Ἐγώ
1509 1052 1619 1117 ειμι
1648 1049 1684 1114 ἡ
1719 1048 1874 1112 ὁδὸς,

345 1141 572 1210 Χριστὸς
607 1141 825 1211 Ἰησοῦς,
858 1141 1136 1211 εύξώμεθα
1172 1142 1228 1192 ὲν
1269 1142 1333 1209 τῇ
1378 1138 1478 1209 ὁδῷ
1509 1138 1663 1207 μέχρι
1695 1137 1875 1198 τέλους

342 1230 617 1295 ὁδεύοντας
638 1232 835 1300 φθάσαι
856 1232 990 1303 πρὸς
1011 1232 1100 1284 τὸν
1120 1232 1246 1285 Θεὸν
1270 1231 1362 1282 καὶ
1383 1226 1596 1299 Πατέρα
1616 1227 1719 1279 τῶν
1740 1226 1873 1279 ὅλων

341 1319 429 1372 διὰ
455 1319 684 1387 Χριστοῦ
726 1320 915 1391 Ἰησοῦ.

424 1408 733 1480 Ἐτγισὰτω
778 1411 815 1477 ἡ
861 1409 1062 1477 δέησίς
1090 1425 1205 1477 μου
1240 1406 1487 1460 ἐνώπιόν
1515 1420 1647 1469 σου,
1676 1405 1869 1471 Κύριε,

342 1494 489 1549 κατὰ
537 1497 599 1550 τὸ
648 1498 851 1565 λόγιόν
886 1511 998 1551 σου
1042 1494 1359 1549 συνέτισόν
1383 1510 1475 1563 με.
1507 1494 1773 1545 Εὶσέλθοι
1804 1492 1869 1543 τὸ

341 1581 564 1652 ἀξίωμά
591 1601 707 1651 μου
730 1582 979 1639 ἐνώπιόν
1003 1601 1137 1647 σου,
1166 1584 1353 1652 Κύριε,
1392 1580 1539 1634 κατὰ
1572 1580 1636 1633 τὸ
1670 1582 1870 1647 λόγιόν

340 1688 454 1726 σου
477 1672 662 1740 ῥῦσαί
676 1690 771 1742 με.
788 1673 1204 1740 Ἐξηρεύξαντο
1228 1673 1298 1725 τὰ
1316 1671 1479 1740 χείλη
1512 1688 1627 1740 μου
1659 1671 1865 1739 ὕμνον,

340 1762 483 1815 ὅταν
502 1750 744 1830 διδιὶεῃς
764 1779 839 1831 με
864 1764 934 1815 τὰ
958 1762 1307 1831 δικαιώματά
1327 1778 1438 1815 σου
1454 1779 1467 1795 σ
1504 1760 1807 1829 φθέγξαιτο
1830 1762 1866 1827 ἡ

338 1851 584 1919 γλῶσσά
603 1870 719 1921 μου
747 1853 817 1906 τὰ
838 1853 1007 1921 adrui
1034 1869 1167 1915 σου,
1195 1853 1279 1905 ὅτι
1316 1852 1499 1906 πᾶσαι
1536 1854 1594 1904 al
1632 1850 1869 1903 ἐγτολαί

1982 783 2078 835 viae
2097 783 2248 850 justi.
2280 780 2349 835 Ut
2378 782 2539 850 igitur
2561 796 2746 836 omnes
2793 783 2891 836 via:
2919 791 3114 837 nostra:
3145 784 3198 836 in
3231 793 3516 852 conspectu
3550 803 3554 806 “

1982 872 2069 927 Dei
2104 874 2250 932 sint;
2293 871 2539 927 videlicet
2566 873 2743 941 leges,
2782 873 3078 941 prophetae,
3116 872 3348 942 perfecta
3389 874 3514 927 item

1976 976 2101 1016 vera
2141 968 2195 1015 et
2237 962 2373 1015 bona
2412 961 2498 1014 illa
2529 962 2646 1025 via,
2689 976 2881 1030 nempe
2934 960 3023 1030 qui
3057 959 3227 1025 dixit,
3264 960 3373 1031 Ego
3401 978 3517 1014 sum

1975 1052 2058 1105 uia
2085 1052 2151 1115 '9,
2182 1051 2434 1105 Christus
2464 1048 2651 1118 Iesus,
2700 1066 2984 1122 precemur
3016 1052 3071 1104 in
3116 1051 3204 1105 via
3248 1066 3418 1120 usque
3460 1050 3514 1103 in

1975 1136 2130 1191 linem
2158 1152 2174 1202 ;
2198 1127 2203 1136 ’
2228 1145 2287 1190 ut
2330 1136 2430 1191 iter
2470 1148 2689 1207 agentes
2730 1139 3106 1207 perveniamus
3151 1139 3217 1192 ad
3259 1137 3424 1194 Deum
3461 1146 3515 1194 et

1971 1224 2184 1281 Patrem
2215 1226 2589 1282 universorum
2621 1241 2715 1297 per
2732 1225 3008 1282 Christum
3033 1225 3238 1282 Jesum.

1966 1404 1995 1457 Ι
2041 1400 2208 1456 Vsus.
2249 1400 2503 1457 169-172.
2546 1400 2931 1470 Appropinquet
2975 1399 3266 1469 deprecatio
3309 1414 3422 1453 mea
3460 1398 3514 1451 in

1968 1502 2239 1559 conspectu
2260 1502 2346 1544 tuo
2366 1531 2381 1555 ,
2406 1491 2622 1545 Domine
2638 1531 2654 1555 ,
2671 1491 2830 1559 juxta
2851 1490 3108 1556 eloquium
3130 1498 3273 1542 tuum
3296 1490 3365 1542 da
3386 1480 3517 1543 mihi

1971 1581 2306 1635 intellectum.
2346 1578 2510 1632 Intret
2539 1579 2824 1647 postulatio
2856 1595 2970 1631 mea
2998 1580 3050 1631 iu
3075 1590 3345 1647 conspectu
3386 1587 3473 1633 tuo
3492 1618 3509 1642 ,

1975 1670 2221 1734 Domine,
2253 1669 2532 1723 secundum
2558 1670 2815 1737 eloquium
2840 1678 2985 1720 tuum
3006 1669 3143 1735 eripe
3171 1685 3266 1722 me.
3296 1667 3512 1721 Eructa—

1973 1770 2151 1814 verunt
2183 1760 2323 1814 labia
2344 1777 2461 1813 mea
2484 1760 2725 1827 hymnum
2746 1796 2761 1822 ,
2789 1774 2905 1811 cum
2940 1757 3176 1811 docueris
3213 1775 3291 1812 me
3318 1758 3511 1826 iustiﬁ-

1978 1850 2206 1903 cationes
2238 1858 2375 1906 tuas.
2420 1848 2726 1902 Pronuntiet
2768 1848 2945 1917 lingua
2984 1864 3098 1900 mea
3138 1848 3342 1917 eloquia
3384 1858 3506 1915 tua,

337 1959 452 1995 σου
474 1944 837 2009 δικαιοσύνη.
870 1943 1077 2013 Σφόδρα
1102 1943 1401 2005 ἀκολούθως
1436 1942 1571 2012 μετὰ
1601 1942 1691 1995 τοῦ
1721 1940 1872 2006 εὖξα-
1910 1930 1948 1985 Β
1975 1956 2039 2008 qu

1803 1943 1872 2006 ία-
1910 1930 1948 1985 Β
1975 1940 2096 2008 quia
2123 1940 2296 1992 omnia
2326 1941 2574 1991 mandatu
2592 1948 2703 2000 tua,
2724 1937 2957 2005 justitia.
2992 1938 3289 2007 Admodum
3323 1954 3508 1994 consev

340 2032 459 2086 σθαι
489 2034 613 2086 περὶ
655 2034 755 2102 τῆς
793 2033 1025 2097 διανοίας
1044 2052 1057 2065 ·
1085 2036 1145 2087 τὸ
1176 2035 1281 2104 γὰρ
1312 2035 1683 2103 συνετισθῆναι
1716 2034 1780 2086 τὰ
1803 2033 1882 2085 λό-
1976 2047 2045 2098 qu

1803 2033 1882 2085 λό-
1976 2038 2202 2098 quenter
2247 2039 2527 2099 postquam
2574 2045 2671 2099 pro
2716 2038 2891 2085 mente
2919 2045 3015 2086 sua
3044 2039 3291 2099 precatus
3322 2036 3501 2092 esset;

336 2134 428 2186 για
454 2118 546 2172 τοῦ
572 2120 705 2173 Θεοῦ
732 2121 829 2172 οὐκ
861 2116 928 2189 ἦν
952 2121 1168 2190 χειλέων
1194 2124 1311 2177 οὐδὲ
1341 2123 1605 2194 γλώσσης,
1630 2122 1760 2176 ἀλλὰ
1786 2122 1878 2175 τοῦ

328 2210 473 2263 κατὰ
491 2210 663 2281 ψυχὴν
684 2212 1016 2283 διανοητικοῦ
1032 2230 1044 2242 ·
1070 2214 1136 2266 τὰ
1160 2214 1431 2284 ἡγούμενα
1454 2214 1628 2266 τοίνυν
1657 2213 1877 2283 αἰτήσας

1976 2135 2081 2173 non
2110 2120 2250 2174 enim
2284 2121 2543 2173 labiorum
2585 2128 2639 2175 et
2668 2121 2864 2189 lingua:
2913 2128 2996 2175 est
3036 2121 3365 2188 eloquiorum
3409 2117 3503 2175 Dei

1976 2208 2381 2277 intelligentiam
2415 2210 2683 2277 accipere,
2731 2210 2819 2263 sed
2851 2210 3019 2263 solius
3066 2225 3186 2278 quae
3232 2210 3285 2262 in
3327 2210 3505 2262 anima

335 2297 425 2350 ἰπὶ
454 2297 522 2349 τὰ
547 2296 768 2367 δεύτερα
802 2300 1025 2369 μέτεισι,
1052 2302 1143 2353 καὶ
1164 2301 1303 2367 ἀξιοῖ
1330 2302 1396 2353 τὰ
1430 2300 1523 2353 τοῦ
1549 2301 1605 2352 ἑν
1629 2299 1773 2368 αὐτῷ
1801 2299 1879 2351 λό-
1972 2306 2040 2352 eSI

1801 2299 1879 2351 λό-
1972 2305 2055 2352 cst
2082 2296 2408 2368 intelligendi
2441 2298 2749 2363 facultatis;
2783 2313 2906 2352 cum
2931 2300 3107 2369 priora
3142 2301 3500 2369 postulasset,

334 2400 429 2452 γου
454 2385 653 2456 ὄργανα
696 2387 765 2444 τὰ
788 2388 936 2458 χείλη
965 2391 1058 2448 καὶ
1099 2386 1197 2460 τήν
1225 2390 1462 2457 γλῶτταν
1492 2388 1873 2459 ἀφιερωθῑψαι,

333 2474 405 2537 ὡς
438 2474 503 2528 ἂν
528 2477 812 2542 διαπαντὸς
836 2478 905 2532 τὰ
935 2481 1031 2549 μὲν
1057 2480 1204 2550 χείλη
1238 2480 1399 2549 ὕμνον
1424 2479 1792 2549 διερεύγοιντο,
1808 2478 1875 2533 δι·

334 2565 655 2635 δασκομένου
701 2568 795 2621 τοῦ
844 2569 932 2623 νοῦ
981 2572 1069 2623 ὑπ’
1106 2570 1268 2623 αὑτοῦ
1298 2570 1391 2623 τοῦ
1417 2570 1549 2623 Θεοῦ
1574 2571 1641 2625 τὰ
1660 2570 1873 2627 δικαιώ-

335 2672 475 2726 ματα
506 2657 665 2710 αὑτοῦ
684 2674 698 2688 ·
730 2663 761 2728 ή
792 2659 847 2711 δὲ
870 2659 1078 2727 γλῶττα
1113 2659 1397 2728 φθέγγοιτο
1432 2661 1593 2734 μηδὲν
1616 2661 1795 2731 ἕτερον
1835 2658 1868 2727 ἢ

337 2744 396 2803 τὰ
422 2746 571 2813 λόγια
593 2745 684 2799 τοῦ
707 2747 860 2813 Θεοῦ,
896 2749 988 2801 καὶ
1012 2748 1167 2803 τοῦτο
1192 2748 1444 2819 πράσσοι,
1475 2748 1563 2802 ὅτι
1599 2747 1784 2804 πᾶσαι
1812 2750 1870 2804 al

330 2834 454 2889 ὁδοὶ
476 2837 658 2891 αὐτοῦ
685 2838 1070 2893 δικαιοσύναι.

398 3006 666 3061 Peraeam
689 3010 727 3077 ἠ
753 3011 879 3078 χείρ
905 3024 1018 3064 σου
1040 3009 1142 3066 τοῦ
1167 3010 1358 3065 σῶσαί
1378 3028 1472 3083 με,
1513 3012 1601 3066 ὅτι
1644 3012 1747 3078 τὰς
1772 3014 1864 3066 ἐν·

329 3096 506 3162 τολάς
540 3112 654 3151 σου
708 3100 1083 3168 ῄρστισάμην.
1129 3100 1361 3165 Συνιδὼν,
1398 3101 1458 3153 τὸ
1502 3102 1722 3171 μέγεθος
1769 3102 1861 3155 τοῦ

327 3186 558 3255 ἑτοίμου,
594 3186 836 3257 βοηθείας
864 3189 1028 3245 διῐται
1074 3191 1169 3261 τῆς
1207 3190 1357 3262 παρὰ
1398 3191 1489 3243 τοῦ
1520 3191 1668 3260 Θεοῦ,
1692 3195 1771 3256 εἰς
1801 3195 1860 3246 τὸ

327 3276 657 3346 κατορθῶσαι
681 3277 748 3330 τὰ
775 3278 1169 3349 προλελεγμένα
1187 3297 1200 3310 °
1230 3280 1436 3350 μεγάλα
1459 3280 1513 3333 δὲ
1535 3283 1694 3333 αἰτῶν
1716 3284 1860 3355 παρὰ

326 3365 415 3423 τοῦ
437 3365 586 3429 Θεοῦ,
610 3367 780 3419 καὶτὸ
799 3370 926 3439 παρ’
943 3370 1129 3423 ἑαυτοῦ
1158 3370 1493 3445 συνεισφέρει
1512 3370 1681 3439 λέγων
1700 3389 1714 3401 ·
1748 3374 1862 3426 ’Ότι

324 3454 429 3519 τὰς
449 3455 695 3521 ἐντολάς
712 3472 832 3510 σου
866 3458 1425 3527 ῂρετισάμην.ὐπερ
1452 3448 1557 3531 γὰρ
1590 3455 1655 3527 ἦν
1680 3460 1770 3512 ἐπὶ
1796 3463 1861 3530 τῇ

322 3545 428 3616 ιμῄ
462 3545 694 3616 ἐξουσία,
713 3546 853 3599 τοῦτ’
879 3548 938 3611 ἐξ
973 3548 1103 3617 ἁμοῦ
1129 3549 1492 3620 πεπλήρωται.
1519 3552 1625 3613 Τὰς
1652 3552 1864 3615 ἐντολάς

323 3652 413 3688 σου
440 3636 789 3706 ᾑρετισάμην,
822 3637 1110 3707 ἀγαπήσας
1154 3640 1321 3703 αὐτὰς
1355 3640 1492 3694 κατὰ
1523 3640 1592 3694 τὰ
1635 3641 1862 3712 πρόσθεν

319 3724 601 3794 εἰρημένα.

402 3813 769 3880 Ἐπεπόθησα
788 3812 854 3867 τὸ
884 3815 1175 3882 Σωτήριόν
1204 3830 1339 3881 σου,
1364 3816 1460 3869 καὶ
1491 3817 1723 3885 ὁ⁹νόμος
1748 3830 1862 3871 σου

315 3904 528 3971 μελέτη
554 3922 670 3972 μου
696 3905 845 3958 ἐστι.
889 3897 964 3957 ῡί
990 3904 1169 3967 πολλοὶ⁸
1199 3905 1303 3958 τῶν
1342 3905 1635 3977 ἀνθρώπων
1676 3908 1862 3959 ἐπιπο-

318 3992 467 4047 θοῦσι
501 3993 788 4063 σωτηρίαν,
810 3993 921 4046 ἀλλ’
944 3993 1005 4045 οὐ
1030 3992 1090 4045 τὸ
1115 3993 1209 4045 τοῦ
1237 3993 1391 4056 Θεοῦ,
1412 3994 1545 4048 ἀλλὰ
1574 3996 1633 4049 τὸ
1665 3984 1861 4067 σαρκὸς

320 4083 577 4151 σωτήριον
603 4081 662 4133 τὺ
692 4084 747 4133 ὲν
780 4081 1186 4150 κόσμῳ.Ἔργον
1209 4081 1264 4133 δέ
1284 4082 1428 4134 ἐστιν
1448 4083 1782 4153 λὲπιποθῆσαι
1799 4085 1859 4137 τὸ

316 4170 409 4222 τοῦ
442 4168 571 4221 Θεοῦ
604 4170 891 4240 Σωτήρων,
922 4168 1059 4221 ὥστε
1098 4171 1155 4224 ὲν
1190 4169 1307 4239 Θεῷ
1350 4170 1603 4242 σωθῆναι,
1629 4174 1685 4243 ὲν
1711 4172 1858 4244 αὐτῷ

318 4258 702 4322 ἀναπαύεσθαι,
727 4260 1122 4329 κληρονομῆσαι
1154 4262 1228 4313 τὰ
1256 4262 1382 4328 ἅγια
1400 4278 1413 4290 ·
1455 4262 1516 4314 τὸ
1543 4263 1648 4333 γὰρ
1680 4264 1856 4333 Σωτή-

320 4367 431 4421 ριον
452 4349 542 4402 τοῦ
574 4348 706 4402 Θεοῦ
735 4350 886 4402 τοῦτό
915 4352 1059 4403 ἐστιν
1097 4353 1129 4421 ή
1165 4350 1373 4413 αἰώνιος
1399 4351 1529 4422 ζωή.
1550 4353 1671 4406 Ἐὰν
1699 4353 1855 4426 θέλῃς

317 4438 643 4508 ἐπαναϐῆναι
672 4437 748 4507 τῷ
782 4438 940 4508 λόγῳ,
970 4440 1028 4491 τὸ
1057 4440 1323 4508 Σωτήριον
1351 4440 1442 4492 τοῦ
1484 4440 1615 4494 Θεοῦ
1657 4444 1685 4496 ὁ
1725 4444 1854 4512 Χρι-

1972 2388 2038 2441 ad
2068 2389 2300 2443 secunda
2331 2397 2517 2458 postea
2545 2390 2772 2454 transit,
2803 2405 2867 2445 ac
2911 2398 3061 2460 rogat
3101 2398 3158 2443 ut
3206 2392 3353 2445 verbi
3383 2408 3503 2462 qua:

1972 2478 2026 2532 in
2056 2494 2113 2532 se
2139 2478 2369 2533 habebat
2396 2480 2749 2535 instrumenta
2769 2519 2785 2545 ,
2818 2495 3006 2550 nempe
3040 2480 3179 2534 labia
3204 2489 3259 2535 et
3285 2476 3462 2551 lingua
3482 2522 3497 2545 ,
3536 2527 3540 2531 .

1968 2576 2453 2634 consecrarentur;
2486 2575 2542 2621 ut
2569 2569 2706 2622 labia
2751 2569 2963 2638 quidem
2996 2568 3248 2638 hymnum
3290 2584 3499 2639 semper

1948 2663 2307 2719 eructarent,
2340 2664 2620 2725 postquam
2668 2656 2775 2713 Deo
2826 2659 3047 2713 ductore
3084 2654 3497 2726 iustiﬁcationes

1964 2745 2082 2813 ejus
2108 2761 2259 2800 meus
2289 2746 2639 2811 edidicisset;
2675 2747 2856 2815 lingua
2892 2760 3019 2802 vero
3056 2746 3190 2800 nihil
3221 2746 3366 2800 aliud
3415 2748 3495 2802 lo-

1964 2843 2217 2903 queretur
2260 2850 2419 2905 quam
2439 2836 2651 2903 eloquia
2684 2835 2775 2890 Dei
2802 2855 2814 2890 :
2838 2844 2998 2907 atque
3029 2836 3079 2889 id
3114 2842 3333 2905 ageret,
3378 2837 3499 2888 nuia
3568 2834 3571 2837 ’

1963 2939 2134 2977 omnes
2159 2925 2253 2978 vim
2280 2924 2391 2993 ejus
2411 2925 2655 2993 justitic.
3247 2981 3252 2986 .

2031 3010 2213 3092 Vens.‘
2238 3013 2357 3068 175.
2396 3012 2524 3067 Fiat
2555 3030 2739 3069 manus
2780 3024 2902 3082 tua,
2946 3025 3003 3069 ut
3034 3021 3195 3073 saluet
3227 3037 3303 3073 me
3325 3062 3339 3087 ,
3369 3038 3497 3092 quo-

1960 3105 2103 3157 niam
2131 3087 2393 3186 mandata'
2420 3114 2511 3161 tua
2542 3107 2691 3176 elegi.
2720 3105 2921 3161 Videns
2970 3087 3392 3179 magnitudinem
3434 3114 3496 3167 il-

1962 3192 2066 3247 lius
2096 3192 2237 3262 quod
2272 3194 2324 3247 in
2357 3203 2603 3264 promptu
2631 3202 2774 3258 erat,
2806 3209 2959 3265 Opem
3008 3212 3037 3249 a
3086 3197 3195 3253 Deo
3225 3203 3493 3269 postulat,

1964 3291 2021 3335 ut
2050 3282 2302 3353 praedicta
2333 3283 2591 3353 perﬁciat.
2618 3284 2755 3339 Cum
2788 3300 2947 3355 porro
2979 3302 3169 3357 magna
3198 3294 3432 3358 postulet
3461 3307 3490 3346 a

1960 3371 2089 3434 Deo,
2120 3374 2276 3427 etiam
2304 3374 2444 3442 quod
2477 3388 2506 3425 a
2534 3388 2593 3429 se
2622 3380 2705 3429 est
2734 3376 2936 3443 profert
2965 3377 3150 3433 dicens
3184 3393 3201 3432 :
3233 3379 3493 3444 Quoniam

1960 3461 2208 3515 mandata
2234 3471 2325 3514 tua
2350 3462 2498 3530 elegi.
2523 3459 2655 3516 Nam
2679 3462 2821 3531 quod
2844 3463 2895 3517 in
2916 3478 3034 3518 mea
3059 3474 3317 3533 potestate
3341 3472 3458 3520 erat
3475 3508 3489 3531 ,

1959 3551 2011 3605 id
2042 3565 2072 3605 a
2103 3563 2187 3606 me
2215 3550 2489 3619 impletum
2518 3560 2619 3606 est.
2650 3550 2895 3606 Mandata
2928 3564 3016 3607 tua
3048 3554 3217 3625 elegi,
3250 3557 3372 3625 quia
3404 3556 3489 3613 di-

1958 3641 2182 3712 ligebam
2207 3656 2305 3710 ea,
2334 3650 2395 3695 ut
2422 3641 2672 3711 superius
2704 3642 2906 3697 dictum
2936 3650 3040 3699 est.

1988 3837 1991 3840 ν
2026 3812 2187 3869 Vens.
2230 3814 2349 3871 174.
2388 3813 2665 3883 Concupivi
2709 3815 2955 3870 Salutare
2995 3828 3171 3885 tuum,
3199 3829 3248 3874 et
3272 3821 3354 3875 lea:
3398 3839 3487 3879 tua

1957 3905 2223 3957 meditatio
2249 3921 2362 3959 mea
2392 3915 2491 3960 est.
2520 3892 2667 3959 Multi
2703 3907 2976 3961 hominum
3018 3910 3242 3965 salutem
3283 3926 3485 3966 concu-

1956 3992 2203 4062 piscunt;
2234 3994 2326 4048 sed
2353 4010 2458 4047 non
2484 3996 2718 4050 salutare
2746 3995 2835 4051 Dei
2854 4035 2869 4057 ,
2898 3997 2993 4051 sed
3023 3985 3201 4055 carnis
3230 4001 3484 4065 salutare,

1954 4082 2097 4153 quod
2130 4084 2181 4136 in
2215 4084 2414 4138 mundo
2444 4093 2546 4139 est.
2598 4083 2744 4155 Opus
2784 4093 2965 4140 autem
2992 4096 3073 4142 est
3098 4092 3487 4160 "concupiscere

1956 4172 2200 4227 Salutare
2227 4172 2357 4238 Dei;
2391 4181 2449 4227 ut
2488 4175 2539 4227 in
2571 4173 2677 4230 Deo
2702 4176 2940 4230 salutem
2988 4180 3385 4243 nauciscamnr,
3431 4181 3484 4235 in
3531 4221 3535 4224 -

1954 4262 2069 4332 ipso
2112 4262 2716 4339 quiescamusnsancta
2757 4266 2809 4319 in
2849 4266 3207 4322 luereditatem
3251 4270 3483 4341 accipia-

1954 4367 2111 4406 mus:
2161 4366 2284 4405 nam
2312 4353 2560 4408 Salutare
2606 4352 2696 4408 Dei
2738 4361 2820 4408 est
2842 4363 3039 4408 aeterna
3061 4354 3186 4410 vita.
3231 4357 3381 4423 Quod
3435 4363 3480 4415 si

1958 4440 2092 4495 velis
2124 4441 2286 4495 verbo
2316 4442 2598 4495 sublimius
2624 4444 2895 4514 progredi,
2923 4443 3177 4507 ,Salutare
3206 4444 3297 4502 Dei
3326 4447 3483 4509 Chri-

319 4530 439 4591 στὸς
461 4531 602 4581 ἐστιν
624 4546 637 4558 ·
686 4528 883 4598 Ἰησοῦς
906 4530 1011 4599 γὰρ
1038 4528 1411 4599 ἑρμηνεύεται,
1438 4530 1570 4584 Θεοῦ
1594 4533 1847 4602 σωτηρία.
1884 4548 1926 4601 ι)
1955 4537 2024 4583 stt

1884 4548 1926 4601 ι)
1955 4537 2070 4583 stus
2097 4536 2179 4582 est
2210 4528 2428 4583 :Jesus
2457 4544 2688 4601 namque
2715 4532 3032 4600 explicatur,
3060 4532 3153 4589 Dei
3183 4535 3350 4590 salus.
3384 4535 3482 4593 Hic
3565 4544 3568 4549 ’

316 4613 480 4680 Οὗτος
510 4619 638 4687 ἡμῖν
664 4617 931 4687 ἐπέμφθη.
949 4616 1092 4678 Ὁδὸς
1124 4617 1214 4669 τοῦ
1242 4616 1621 4681 ἐπιποθοῦντος
1657 4620 1718 4672 τὸ
1745 4620 1855 4673 Σιο-

314 4708 497 4776 τήριον
520 4706 610 4759 τοῦ
639 4705 789 4768 Θεοῦ,
817 4706 877 4759 τὺ
911 4706 1001 4758 τὸν
1027 4707 1184 4776 νόμον
1224 4702 1358 4761 εἶναι
1383 4707 1606 4777 μελέτην
1635 4709 1710 4778 τῷ
1734 4710 1853 4762 ἑπι-

318 4792 584 4855 ποθοῦντι,
614 4794 1088 4864 προαναφωνοῦντα
1129 4796 1224 4865 τήν
1266 4795 1419 4866 δεῦρο
1452 4798 1612 4850 αὐτοῦ
1654 4799 1848 4866 ἄφιξιν.

320 4882 497 4938 Νόμιον
518 4883 573 4935 δὲ
596 4884 825 4939 ἐνταῦθα
844 4885 992 4939 καλεῖ
1019 4888 1194 4939 πᾶσαν
1219 4884 1317 4956 τῆν
1338 4887 1565 4944 παλαιὰν
1583 4891 1676 4947 καὶ
1707 4890 1851 4946 θείαν

317 4974 554 5043 Γραφήν.

386 5061 634 5127 Ζήσεται
658 5065 696 5130 ἠ
714 5062 879 5132 ψυχή
897 5081 1034 5133 μου,
1051 5065 1145 5117 καὶ
1170 5064 1389 5117 αἰνέσει
1412 5082 1501 5128 σε,
1525 5067 1621 5120 καὶ
1645 5068 1714 5121 τὰ
1731 5070 1849 5135 κρί-

312 5148 467 5217 ματά
509 5164 623 5202 σου
660 5151 949 5219 ,ϐοηθήσει
984 5169 1102 5221 μοι.
1142 5154 1233 5215 Εἰς
1259 5153 1348 5204 τὸν
1381 5147 1633 5222 μέλλοντα
1664 5158 1849 5226 χρόνον

315 5240 579 5293 ἐνέκλειεν
602 5239 699 5309 τὴν
721 5237 864 5310 ζωὴν
888 5242 986 5310 τῆς
1005 5241 1198 5311 ψυχῆς.
1216 5242 1273 5296 Ἡ
1299 5242 1403 5313 γὰρ
1442 5242 1549 5311 ζωὴ
1571 5246 1733 5314 ἡμῶν
1761 5247 1848 5300 κέ-

317 5347 563 5399 κρυπται
590 5330 708 5382 σὺν
735 5330 957 5398 Χριστῷ
981 5334 1048 5385 ἐν
1076 5332 1153 5396 τῷ
1183 5330 1319 5397 Θεῷ.
1338 5334 1467 5386 Τότε
1498 5335 1723 5407 ὑμνήσει
1748 5356 1845 5391 κυ-

317 5422 445 5491 ρίως
471 5421 560 5472 τὸν
588 5420 735 5473 Θεόν.
768 5421 874 5474 Καὶ
904 5423 974 5475 τὰ
1010 5423 1255 5490 κρίματα
1279 5439 1393 5477 σου
1414 5425 1700 5493 ,βοηθήσει
1722 5446 1839 5495 μοι.

328 5509 449 5561 Ἐπὶ
480 5504 694 5579 βοηθείᾲ
718 5509 823 5561 τῶν
858 5514 1180 5581 κρινομένων
1210 5513 1276 5564 τὰ
1310 5512 1539 5583 κρίματα
1578 5515 1670 5568 τοῦ
1711 5518 1842 5571 Θεοῦ

316 5596 537 5667 γίνεται.
584 5598 735 5651 Ἀλλὰ
778 5598 906 5670 ἄλλη
954 5601 1227 5671 παρῤησία
1275 5601 1517 5672 βοηθείας
1568 5606 1841 5677 κριμέτων

392 5765 439 5798 ⁸⁸
473 5763 626 5823 loan.
664 5784 771 5833 xxv,
808 5769 859 5824 6.
930 5772 973 5801 ³⁷
1013 5767 1216 5828 Coloss.
1252 5787 1338 5841 lu,-
1369 5770 1417 5831 3.

1953 4617 2152 4686 estqui
2183 4617 2339 4671 nobis
2391 4618 2590 4672 missus
2630 4626 2732 4673 est.
2776 4619 2868 4673 Via
2894 4622 3344 4691 ‘concupiscentis
3378 4623 3478 4677 Sa-

1951 4710 2125 4763 lutare
2160 4707 2253 4761 Dei
2279 4716 2362 4763 est
2382 4736 2407 4772 ,ι
2434 4717 2492 4762 ut
2519 4708 2621 4764 sibi
2664 4712 3065 4782 concupiscenti
3104 4714 3376 4770 meditatio
3406 4717 3479 4771 sit

1951 4800 2031 4855 lex
2053 4838 2068 4862 ,
2092 4814 2219 4867 qua:
2247 4797 2362 4866 ejus
2387 4797 2453 4850 ad
2481 4814 2588 4852 nos
2613 4799 2898 4856 adventum
2919 4803 3254 4871 pramuntiat.
3286 4802 3475 4873 Legem

1949 4896 2125 4943 autem
2153 4887 2238 4941 hic
2266 4894 2423 4940 vocat
2464 4888 2626 4942 totam
2676 4899 2906 4946 veterem
2947 4906 3010 4946 ac
3055 4891 3290 4948 divinam
3328 4893 3475 4950 Scri-

1948 4986 2178 5044 ptui-am.

2018 5069 2184 5125 Vsus.
2224 5071 2353 5134 175,
2394 5070 2516 5126 176.
2565 5071 2707 5126 Vivet
2744 5075 2921 5127 anima
2958 5091 3105 5141 mea,
3152 5085 3201 5130 et
3236 5078 3475 5133 laudabit

1947 5170 2025 5221 te,
2056 5170 2104 5214 et
2130 5160 2331 5229 judicia
2356 5172 2445 5213 tua
2474 5162 2789 5229 adjuvabunt
2822 5180 2917 5216 me.
2948 5164 3003 5217 In
3034 5165 3213 5220 futuro
3235 5176 3474 5238 tempore

1944 5250 2104 5303 vitam
2130 5250 2320 5304 anitum
2350 5251 2603 5306 includit.
2641 5251 2758 5304 Vita
2786 5254 2928 5306 enim
2960 5264 3139 5308 nostra
3168 5257 3473 5313 abscondita

1942 5349 2018 5394 est
2046 5356 2162 5393 cum
2191 5341 2397 5396 Christo
2426 5344 2478 5395 in
2512 5341 2613 5395 Deo
2650 5343 2716 5395 ".
2746 5340 2897 5397 Tunc
2927 5343 3088 5399 Deum
3122 5349 3332 5415 proprie
3358 5351 3473 5403 lau-

1947 5429 2113 5483 dabit.
2150 5429 2217 5483 Et
2264 5430 2471 5503 judicia
2500 5443 2589 5485 tua
2632 5432 2946 5500 adjuuabunt
2978 5451 3075 5488 me.
3108 5428 3187 5488 Ad
3216 5440 3470 5494 auxilium

1940 5532 2160 5585 eorum,
2188 5521 2255 5577 de
2278 5523 2473 5591 quibus
2498 5523 2795 5592 iudicatur,
2816 5524 3016 5593 judicia
3058 5526 3147 5581 Dei
3175 5528 3322 5583 liunt.
3361 5529 3465 5585 Vc-

1940 5624 2056 5663 rum
2108 5612 2213 5667 alia
2258 5612 2439 5678 auxilii
2494 5614 2548 5670 in
2580 5612 2803 5678 iudiciis
2823 5613 3023 5671 ferendi
3066 5618 3257 5674 ﬁducia
3301 5635 3464 5689 penes
